2439 3130
1071 110 1364 158 -10—

152 226 299 267 Etenim
309 226 449 266 residet
461 227 678 277 corruptela
691 241 724 268 v.
740 232 798 267 88.
851 229 940 271 Cod.
956 230 1062 269 Vrat.
1078 230 1189 269 lectio
1204 232 1350 277 mutila,
1376 231 1527 269 exhibet
1540 230 1639 269 enim
1666 231 1717 267 ‘et
1728 228 1903 266 redimire
1920 228 2072 266 chem’.
2101 226 2274 276 Singulas

150 307 317 346 quasque
343 295 487 346 periodi
513 296 721 336 sententias
739 296 773 336 si
791 298 1071 344 examinaveris,
1097 300 1226 338 statim
1245 299 1323 344 fiet,
1348 303 1392 338 ut
1417 299 1607 338 desideres
1631 308 1699 346 pro
1712 295 1885 335 sollemni
1898 295 2083 344 solitoqoe
2108 295 2183 334 diei
2209 307 2276 333 na·

148 364 236 403 talis
261 365 337 404 ritu
362 364 643 405 coronationem
668 365 802 417 capitis
827 369 1086 418 sertorumque
1111 367 1275 408 crinibus
1301 368 1559 418 impositorum
1585 365 1823 406 mentionem.
1874 363 1992 411 Quam
2018 363 2066 404 ob
2092 376 2174 404 rem
2202 375 2277 403 non

148 434 257 481 longe
283 445 306 471 a
331 445 417 471 vero
443 435 637 472 aberrasse
663 435 770 472 nobis
794 435 1002 474 videbimur
1027 447 1047 473 e
1085 437 1213 474 ‘chem’
1240 436 1452 487 corruptela
1477 436 1668 475 e‘licientes
1696 443 1821 471 vocem
1847 431 2028 480 ‘comam’,
2052 430 2276 483 praesertim

146 504 177 542 si
204 505 509 552 reputaverimus,
544 518 670 543 vocem
697 507 845 544 exarari
887 508 1051 553 potuisse
1089 500 1205 546 ‘co—m'.
1273 508 1378 550 Quod
1403 508 1468 544 alii
1494 506 1675 554 suspicati
1692 508 1780 541 sunt
1804 503 1969 551 ‘chelyn'‚
1995 503 2117 539 minus
2142 502 2279 549 placet,

147 570 247 624 quod
273 570 376 623 lyrae
402 571 555 624 quidem
580 572 777 614 redimitae
803 574 944 614 mentio
969 574 1048 615 sine
1074 589 1203 616 sensus
1227 576 1371 616 iactura
1397 575 1525 615 deesse
1549 577 1686 625 potest,
1708 573 1831 612 vatis
1869 571 2020 621 ipsius
2052 570 2278 611 coronati

148 641 426 691 Menecratique
452 643 667 681 amicissimi
695 654 768 681 non
795 643 897 681 item.
950 644 1065 683 Totus
1089 644 1205 695 igitur
1230 644 1332 684 locus
1357 641 1644 684 conformandus
1668 643 1729 681 est
1752 640 1826 681 sic:

621 703 695 741 Sed
720 715 856 752 queror
881 703 984 741 haud
1009 704 1152 751 faciles,
1176 705 1348 743 iuvenum
1373 704 1574 747 carissime,
1600 704 1755 751 questus

619 761 836 811 Irascorque
862 763 987 808 etiam,
1013 767 1196 812 quantum
1223 765 1435 803 irascuntur
1459 765 1642 802 amantes.

622 820 789 859 Tantane
814 831 873 858 me
900 820 1026 859 decuit
1049 821 1194 871 vulgari
1221 822 1358 872 gaudia
1385 823 1486 862 fama

545 884 590 917 35
618 879 805 918 Noscere?
829 881 996 929 Cumque
1022 881 1091 919 tibi
1117 883 1260 931 vagiret
1284 883 1424 921 tertius
1451 882 1587 928 infans,

620 939 797 977 Protinus
822 940 964 988 ingenti
991 952 1065 978 non
1092 941 1199 978 venit
1224 942 1357 979 nuntia
1383 953 1496 979 cursu

618 998 755 1045 Litora,
782 1009 879 1047 quae
906 998 1021 1036 festos
1046 999 1237 1038 cumulare
1263 999 1451 1038 altaribus
1476 1000 1580 1049 ignes

621 1057 669 1095 Et
693 1057 869 1096 redimire
894 1070 1067 1096 comam
1093 1062 1294 1108 postesque
1320 1071 1457 1097 ornare
1483 1059 1631 1097 iuberet

617 1116 841 1165 Albanoque
867 1116 1002 1155 cadum
1027 1118 1239 1156 sordentem
1267 1130 1437 1167 promere
1465 1118 1567 1157 fumo

547 1180 594 1212 40
621 1176 669 1213 Et
693 1180 807 1213 cantu
834 1188 1031 1215 sacrare
1056 1177 1183 1214 diem?
1232 1177 1271 1215 Si
1297 1177 1427 1215 tardus
1453 1178 1627 1225 inersque

617 1233 725 1273 Nunc
749 1234 904 1274 demum
931 1248 1015 1274 mea
1039 1240 1124 1274 vota
1149 1249 1284 1284 cano,
1309 1240 1352 1274 tu
1378 1238 1488 1285 culpa
1512 1240 1674 1285 tuusque

621 1293 692 1332 Hic
718 1294 857 1343 pudor,

327 1355 358 1391 V
390 1359 422 1400 1,
453 1358 521 1391 108
552 1365 644 1402 sqq:

623 1411 783 1457 Qualem
815 1416 851 1451 te
877 1415 1015 1463 superi,
1041 1414 1221 1462 Priscilla,
1245 1415 1482 1464 hominesque
1509 1415 1668 1465 benigno

623 1473 810 1521 Aspexere
836 1472 908 1521 die,
926 1486 1009 1513 cum
1036 1475 1196 1525 primum
1222 1476 1437 1525 ingentibus
1461 1477 1555 1515 actis

525 1536 595 1571 110
622 1532 811 1571 Admotus
836 1534 1013 1572 coniunx!
1056 1535 1188 1573 Vicisti
1214 1535 1351 1584 gaudia
1375 1548 1520 1574 cenac

621 1592 759 1642 Ipsius,
786 1591 903 1632 effuso
929 1593 1018 1632 dum
1045 1597 1196 1643 pectore
1222 1607 1341 1644 prona
1367 1598 1532 1634 sacratos

618 1653 716 1690 Ante
740 1652 855 1701 pedes
881 1653 988 1692 avide
1015 1653 1158 1692 domini
1184 1658 1265 1693 tam
1291 1667 1426 1704 magna
1452 1655 1630 1693 merentis

620 1711 798 1750 Volveris.

320 1772 483 1809 Antistia
508 1770 688 1817 Priscilla,
715 1784 809 1810 uxor
834 1773 1049 1811 Abascantii
1075 1773 1212 1820 liberti,
1238 1773 1277 1811 id
1303 1774 1480 1823 temporis
1516 1774 1615 1812 inter
1640 1773 1775 1811 summi
1800 1771 1941 1822 gradus
1967 1771 2064 1810 viros
2083 1770 2275 1809 excellen-

145 1841 292 1887 tissimi,
320 1840 459 1880 etenim
484 1852 576 1879 cura
602 1840 650 1879 ab
676 1841 846 1890 epistulis
872 1843 907 1880 ei
946 1846 1029 1880 erat
1053 1855 1076 1880 a
1104 1843 1317 1880 Domitiano
1355 1844 1578 1891 imperatore
1617 1842 1756 1886 oblata,
1794 1853 1878 1879 cum
1917 1841 2017 1878 diem
2059 1852 2274 1890 supremum

145 1911 308 1958 obiisset,
333 1909 506 1959 precibus
530 1908 633 1948 vidui
658 1910 826 1959 coniugis
851 1911 994 1950 Statius
1019 1911 1131 1949 facile
1157 1915 1215 1949 est
1248 1911 1457 1957 obsecutus,
1494 1915 1537 1950 ut
1562 1911 1753 1961 epicedion
1793 1910 1971 1949 conderet
2010 1911 2049 1948 in
2090 1910 2272 1948 honorem

144 1980 353 2018 defunctae.
405 1978 485 2023 Quo
511 1979 674 2017 carmine
699 1980 890 2019 occasione
909 1980 1036 2019 oblata
1061 1981 1216 2018 summis
1242 1980 1417 2019 laudibus
1443 1980 1551 2019 effert
1576 1984 1685 2031 poeta
1711 1991 1877 2026 uxorem,
1901 1979 2001 2028 quod
2027 1991 2110 2018 cum
2136 1977 2274 2017 summi

144 2048 380 2096 imperatoris
403 2048 638 2097 indulgentia
667 2061 756 2088 cura
783 2051 832 2089 ab
858 2049 1028 2098 epistulis
1066 2049 1213 2098 coniugi
1247 2052 1346 2087 esset
1384 2050 1571 2097 mandata,
1610 2050 1710 2099 quod
1748 2062 1883 2088 munus
1921 2050 2021 2087 inter
2058 2048 2274 2097 gravissima

145 2116 387 2167 referebatur,
413 2117 463 2156 ad
487 2129 608 2167 genua
633 2118 837 2159 Domitiani
863 2118 1069 2169 provoluta,
1094 2119 1312 2168 superbiens
1337 2119 1488 2166 honore,
1513 2120 1688 2169 gaudium
1716 2119 1841 2157 mariti
1867 2122 2006 2157 testata
2041 2121 2150 2164 esset,
2189 2130 2271 2167 gra·

145 2188 219 2226 tias
244 2199 359 2236 agens
386 2188 552 2226 meritas.
604 2188 673 2234 Qui
699 2190 731 2228 si
757 2202 889 2229 sensus
914 2190 1105 2233 statuitur,
1146 2190 1226 2227 sine
1253 2190 1369 2228 dubio
1395 2193 1524 2228 autem
1543 2189 1765 2229 statuendus
1792 2192 1861 2236 est,
1888 2188 2122 2238 corruptelae
2147 2186 2273 2226 sedem

148 2257 187 2294 in
212 2256 371 2296 lectione
398 2258 534 2296 ‘cenae’
561 2258 678 2297 latere
704 2260 742 2297 in
769 2262 942 2309 promptu
968 2262 1035 2305 est,
1059 2271 1144 2297 cum
1170 2271 1318 2297 sensum
1345 2259 1526 2308 praebeat
1552 2259 1707 2298 nullum.
1761 2257 2057 2302 Restituendum‚
2095 2257 2135 2295 id
2169 2256 2269 2306 quod

145 2339 276 2365 sensus
302 2327 494 2377 efflagitat,
519 2330 692 2367 ‘curae'.
732 2329 862 2367 Vicisti
886 2328 1022 2377 gaudia
1046 2340 1157 2366 curae
1186 2329 1304 2377 ipsius
1328 2328 1506 2377 coniugis.
1547 2329 1601 2366 De
1626 2328 1796 2366 vincendi
1822 2330 1863 2365 et
1874 2338 1987 2365 curae
2007 2326 2270 2365 vocabulorum

146 2409 217 2434 usu
248 2399 287 2435 et
311 2396 581 2445 significatione
608 2397 780 2448 exempla
817 2397 1041 2436 conferenda
1081 2401 1170 2435 sunt
1193 2396 1310 2436 haee:
1361 2396 1457 2436 Stat.
1485 2400 1519 2446 5,
1548 2402 1578 2444 1,
1604 2401 1663 2445 86,
1688 2397 1752 2436 ubi
1790 2396 1838 2435 de
1863 2395 2028 2435 eiusdem
2057 2394 2273 2434 Abascantii

146 2478 299 2505 munere
338 2466 487 2516 publico
525 2467 685 2518 legitur:
722 2467 812 2506 ‘Neo
838 2467 936 2506 enim
962 2467 1191 2506 numerosior
1216 2466 1336 2505 altera
1362 2479 1471 2506 sacra
1494 2466 1617 2506 Cura
1642 2466 1775 2506 domo!
1826 2465 1928 2505 Suet.
1957 2465 2048 2515 Aug.
2077 2470 2136 2505 86.
2164 2465 2271 2515 Vei-g.

146 2537 191 2576 G.
219 2541 253 2584 3,
280 2540 350 2575 289
379 2535 467 2576 ‘Nec
493 2549 575 2576 sum
601 2537 717 2577 animi
743 2537 891 2583 dubius,
918 2536 1040 2576 verbis
1065 2549 1110 2576 ea
1135 2536 1323 2576 vincere
1341 2548 1516 2587 magnum
1530 2535 1646 2583 Quam
1672 2537 1742 2576 sit!
1768 2537 1942 2576 Ceterum
1967 2535 2016 2577 cf.
2042 2535 2176 2576 Kochii
2201 2535 2273 2574 lex.

146 2606 256 2655 vei-g.
282 2618 312 2644 s.
338 2618 371 2644 v.
397 2605 537 2644 ‘vinco.'

325 2675 418 2714 Inde
443 2688 468 2714 a
495 2688 527 2718 v.
558 2679 628 2715 180
660 2676 875 2715 consolatur
900 2689 994 2715 uxor
1018 2676 1094 2715 iam
1119 2678 1193 2714 iam
1221 2675 1390 2726 spiritum
1418 2675 1596 2715 haustui-a
1613 2688 1825 2727 supremum
1846 2677 2038 2726 coniugem
2058 2676 2179 2716 verbis
2204 2674 2275 2714 his:

623 2745 768 2797 Linquo
794 2745 969 2797 equidem
996 2745 1192 2793 thalamos,
1217 2745 1319 2785 salvo
1345 2751 1469 2785 tamen
1496 2745 1624 2787 ordine
1650 2747 1826 2787 montis

621 2814 726 2865 Quod
755 2815 858 2869 prior
888 2815 993 2869 exegi
1020 2814 1130 2868 longa
1156 2815 1302 2866 potiora
1327 2818 1477 2856 senecta
