2439 3130
1110 80 1372 129 -5-

179 203 273 249 ciae,
311 203 423 252 pueri'
439 201 607 246 delicati,
639 200 766 248 iniquo
804 200 881 238 fato
907 205 1145 250 praematura
1169 207 1288 241 morte
1313 204 1475 253 abrepti.
1524 203 1588 253 (cf.
1616 215 1648 242 v.
1679 203 1749 241 134
1773 203 1845 252 sq.)
1896 201 1940 240 In
1964 204 2043 240 tam
2066 201 2197 248 atmd,
2235 200 2292 240 ait

182 276 305 321 poeta,
331 275 483 320 tamque
507 268 743 308 saevo‘luctu
770 282 882 307 unam
909 270 1128 309 medicinam
1156 272 1266 310 offert
1290 273 1496 311 Mercurius
1523 284 1711 320 unumque
1737 271 1913 317 solamen,
1937 271 2038 320 quod
2062 283 2156 320 puer
2178 271 2290 310 amis·

179 353 243 380 sus
267 341 367 390 apud
391 340 528 379 inferos
553 339 723 378 umbram
750 338 885 386 Blaesi,
909 341 1020 379 amici
1044 340 1220 380 fidissimi
1245 342 1389 390 tibique
1414 342 1596 380 carissimi
1620 342 1782 389 agnovit,
1807 341 1911 378 cuius
1936 341 2081 389 signum
2106 344 2291 379 statuam-

181 422 256 459 que
281 422 392 459 saepe
420 412 459 447 te
483 410 721 447 coronantem
747 407 883 446 viderit
908 408 1008 447 domi
1035 407 1123 448 tuae
1148 410 1262 448 vivus.
1314 410 1534 459 Reliquerat
1558 411 1713 449 Blaesus
1740 409 1944 454 Meliorem,
1980 422 2055 457 quo
2079 409 2289 448 familiaris·

181 479 274 515 sime
299 490 388 516 usus
414 480 506 522 erat,
529 476 715 517 heredem,
740 476 846 525 isque
872 488 973 515 more
999 477 1121 525 solito,
1146 481 1189 515 ut
1213 489 1282 527 par
1306 482 1401 526 erat,
1424 479 1536 518 sertis
1562 481 1601 518 et
1628 478 1787 523 coronis,
1813 475 1948 526 quibus
1973 479 2120 516 statuas
2136 476 2292 528 ligabat,

175 547 296 584 Blaesi
323 547 536 584 memoriam
562 545 743 583 sacrabat.
795 547 850 583 Cf.
878 545 986 583 Mart.
1015 546 1101 583 vm
1127 551 1246 592 88,10.
1299 548 1377 584 lam
1406 548 1498 596 quid
1514 548 1585 586 sibi
1610 547 1727 585 velint
1755 559 1785 583 v.
1811 550 1878 584 193
1896 545 2009 583 verba
2035 549 2086 583 ‘et
2101 546 2289 584 similes

177 618 381 663 tergentem
407 617 556 663 pectore
582 614 740 659 curas'‚
782 626 865 651 cum
892 615 1041 652 omnino
1085 627 1158 653 non
1184 619 1313 664 pateat
1337 628 1493 665 cumque
1529 616 1601 654 nisi
1638 616 1685 653 de
1724 615 1872 653 simili
1910 614 2116 663 imagine
2166 613 2289 653 Blaesi

177 695 297 722 sermo
322 696 395 721 non
422 683 482 729 sit,
506 681 775 720 restituendum
802 685 869 728 est,
895 682 934 720 id
959 683 1059 732 quod
1075 695 1205 722 sensus
1230 684 1412 735 efflagitat
1435 689 1486 725 ‘et
1510 685 1695 724 similes
1720 686 1928 733 tergentem
1954 686 2104 732 pectore
2128 671 2289 721 ceras’

177 753 293 790 Erant
319 753 432 801 igitur
455 751 580 789 vultus
606 750 727 788 Blaesi
766 764 852 789 cera
889 753 1067 801 expressi,
1128 752 1180 791 Cf.
1209 753 1287 793 silv.
1316 759 1422 801 5,1,1.
1475 755 1525 793 ‘Si
1550 767 1682 793 manus
1707 757 1775 792 aut
1799 752 1992 792 similes
2029 751 2162 791 docilis
2199 752 2290 790 mihi

177 821 316 868 fingere
341 820 499 858 ceras!
551 820 628 856 Iam
656 820 757 857 locus
782 821 885 858 nulla
910 821 1129 859 difficultate
1154 823 1376 870 implicatus.
1428 824 1503 862 Ora
1541 824 1664 862 Blaesi
1704 835 1797 871 puer
1833 834 1916 860 cnm
1942 833 1989 859 ex
2014 821 2135 871 effigie
2159 820 2291 859 simili-

178 889 319 938 busque
344 890 451 935 ceris,
474 901 567 937 quas
592 901 702 936 saepe
728 891 872 927 coronis
897 890 1122 929 decoravisti
1148 892 1319 941 ulnisque
1343 893 1536 942 amplexus
1562 905 1612 937 es,
1638 891 1747 939 norit,
1773 891 1938 941 vestigiis
1964 890 2088 929 Blaesi
2106 889 2209 940 apud
2233 889 2290 928 in·

178 958 277 996 feros
302 959 450 996 insistet
480 970 741 1006 sermonesque
771 971 911 996 memor
939 960 993 997 tui
1024 973 1107 997 cum
1138 974 1182 999 eo
1199 962 1494 1000 communicabit.
1547 963 1600 1000 De
1618 962 1716 999 vocis
1733 961 1861 998 ‘cerae’
1888 972 1958 998 usu
1974 959 2021 998 cf.
2038 959 2120 997 silv.
2139 963 2283 1006 8,3,201

179 1027 230 1064 Te
256 1027 465 1065 similem
491 1027 622 1064 doctae
648 1027 783 1064 referet
814 1027 904 1065 mihi
930 1028 1029 1066 linea
1053 1029 1213 1068 cerae)
1267 1029 1377 1068 Mart.
1406 1029 1476 1067 Vll
1502 1034 1549 1067 44
1575 1030 1768 1068 ‘Maximus
1792 1029 1857 1067 ille
1882 1032 1981 1073 tuus,
2007 1028 2128 1073 Ovidi,
2154 1028 2290 1066 Caeso-

178 1096 263 1134 nius
289 1096 349 1134 hic
377 1100 448 1141 est,
471 1096 584 1134 Cuius
609 1096 733 1134 adhuc
758 1097 901 1135 vultum
930 1098 1089 1135 vivida
1114 1110 1224 1136 cera
1249 1099 1375 1137 tenet.’
1426 1098 1461 1136 X
1487 1103 1533 1136 37
1548 1099 1661 1136 ‘Haec
1685 1099 1774 1136 mihi
1801 1110 1897 1146 quae
1921 1097 2056 1136 colitur
2079 1096 2188 1135 violis
2212 1096 2289 1145 pic·

179 1168 263 1202 tura
288 1165 469 1214 rosisque,
512 1165 610 1210 Quos
635 1166 774 1205 referat
798 1166 933 1209 vultus,
976 1167 1195 1206 Caediciane
1229 1168 1374 1216 rogas?¹
1424 1168 1511 1207 silv.
1538 1172 1680 1214 2,7,129
1711 1166 1757 1205 de
1783 1166 1922 1204 Lucani
1946 1165 2088 1214 effigie:
2141 1165 2288 1204 ‘Vultus

181 1233 258 1282 ‘qui
288 1234 445 1272 simili
471 1237 621 1272 notatus
645 1247 787 1273 auro.
814 1263 823 1272 .
850 1263 859 1272 .
885 1235 1095 1286 praenitet!
1158 1236 1212 1274 De
1243 1239 1402 1285 ‘pectore
1424 1235 1580 1285 tergere’
1622 1234 1890 1284 significatione
1927 1233 1973 1272 cf.
2010 1233 2088 1272 silv.
2128 1236 2285 1280 5.1,168.

183 1301 299 1340 ‘Nune
327 1303 458 1341 anxius
484 1303 653 1341 omnibus
678 1304 753 1341 aris
779 1304 996 1343 inlacrimat
1017 1305 1211 1354 signatque
1236 1305 1334 1344 fores
1359 1307 1398 1344 et
1421 1308 1615 1355 pectore
1653 1307 1808 1354 terget
1836 1303 2021 1341 Limina
2044 1303 2068 1341 i.
2087 1315 2109 1341 e
2125 1301 2286 1353 amplec-

182 1371 286 1410 titur.
339 1375 473 1417 4,6,95.

356 1461 457 1505 Quae
482 1461 611 1499 eadem
637 1462 832 1501 verborum
857 1464 990 1501 ‘curae'
1018 1466 1057 1502 et
1081 1463 1213 1502 ‘cerae’
1245 1464 1411 1503 confusio
1448 1476 1516 1514 pro
1533 1464 1726 1502 literarum
1746 1462 1816 1500 levi
1833 1461 2082 1510 discrepantia
2113 1460 2287 1509 frequens

183 1540 241 1565 me
267 1529 416 1577 quidem
443 1529 565 1567 iudice
591 1532 799 1569 necessario
824 1532 1024 1571 statuenda
1049 1533 1087 1571 in
1113 1533 1138 1573 1.
1165 1533 1183 1571 1
1207 1533 1275 1573 ecl.
1305 1539 1336 1581 1,
1360 1546 1393 1572 v.
1425 1538 1504 1580 100,
1541 1532 1606 1572 ubi
1631 1532 1783 1582 legitur:
1834 1529 2021 1579 ‘Apelleae
2045 1531 2222 1578 cuperent
2247 1531 2285 1566 te

181 1597 340 1635 scribere
366 1610 505 1636 cerae
532 1599 779 1648 Optassetque
806 1614 898 1639 novo
924 1602 1082 1659 similem
1110 1608 1147 1640 te
1172 1614 1309 1650 ponere
1335 1602 1474 1651 templo
1500 1601 1647 1639 Atticus
1671 1600 1752 1637 Elei
1777 1600 1901 1637 senior
1925 1598 2045 1636 Iovis!

356 1686 481 1725 Iussus
506 1692 588 1726 erat
612 1689 753 1727 Statius
778 1691 941 1729 carmine
967 1691 1154 1730 celebrare
1180 1697 1328 1741 ‘equum
1354 1691 1579 1735 maximum‘,
1622 1690 1687 1739 qui
1712 1690 1750 1727 in
1776 1689 1952 1727 honorem
1981 1688 2191 1734 Domitiani,
2215 1687 2285 1725 tri-

180 1753 316 1804 umpho
341 1753 387 1793 de
416 1756 522 1795 Dacis
548 1756 800 1808 Sarmatisque
827 1764 921 1808 acto,
948 1762 1085 1800 Romae
1111 1765 1193 1800 erat
1220 1764 1443 1800 exstructus.
1503 1759 1699 1799 Praedicat
1723 1762 1835 1809 poeta
1859 1758 2060 1797 Domitiani
2085 1756 2287 1807 pulchritu-

179 1823 314 1870 dinem,
339 1837 448 1872 quam
474 1826 531 1863 vel
557 1829 706 1876 Apelles
743 1829 801 1866 vel
829 1830 978 1868 Phidias
1003 1831 1099 1869 alter
1111 1832 1297 1870 coloribus
1314 1832 1412 1869 alter
1433 1841 1621 1867 marmore
1638 1829 1815 1878 effingere
1832 1828 2045 1866 voluissent.
2095 1827 2173 1865 lam
2197 1825 2289 1875 quid

181 1893 387 1941 significent
411 1896 520 1934 verba
545 1897 789 1945 ‘Apelleae
814 1905 994 1948 cuperent
1019 1906 1057 1939 te
1081 1902 1242 1939 scribere
1267 1900 1416 1938 cerae’
1443 1912 1517 1937 non
1544 1903 1602 1937 est
1625 1899 1879 1947 perspicuum
1903 1897 2028 1935 sensui
2053 1897 2151 1934 enim
2177 1908 2287 1944 repn-

181 1965 306 2010 gnant,
328 1974 413 2000 cum
438 1976 546 2002 cerae
571 1965 674 2015 ipsae
701 1980 821 2017 neque
847 1968 920 2007 dici
947 1971 1089 2019 possint
1114 1969 1313 2020 depingere
1338 1968 1433 2007 velle
1463 1968 1606 2007 vultum
1632 1967 1868 2017 imperatoris
1883 1979 1949 2017 per
1966 1966 2113 2016 linguae
2131 1965 2287 2004 Latinae

183 2031 281 2079 leges
307 2045 426 2080 neque
452 2046 519 2081 per
544 2035 680 2084 logices
706 2042 915 2086 praecepta.
967 2024 1248 2087 Simplicissima
1273 2039 1418 2076 ratione
1444 2038 1617 2076 mendum
1644 2037 1800 2075 tolletur
1830 2037 1872 2074 ‘e’
1898 2037 1936 2074 in
1961 2036 2008 2073 ‘u’
2034 2036 2179 2073 literam
2205 2047 2288 2072 mu-

183 2103 272 2139 tata.
324 2101 392 2139 Cui
418 2103 666 2143 emendationi
692 2106 750 2144 vel
777 2108 934 2145 maxime
959 2107 1058 2145 favet
1096 2108 1194 2146 vocis
1230 2107 1398 2145 ‘curae’
1437 2106 1630 2145 adhibitae
1667 2106 1966 2154 frequentissima
2002 2104 2206 2142 similitudo
2243 2116 2288 2142 ac

181 2168 258 2207 fere
283 2170 443 2219 propria.
495 2172 550 2212 Cf.
577 2173 656 2214 silv.
685 2179 777 2223 5‚l,8
804 2177 1058 2226 ‘Curasque
1083 2177 1217 2227 fatigat
1240 2175 1508 2216 artificum!
1534 2179 1655 2223 4,e,44
1671 2175 1831 2220 ‘Quanta
1856 2174 2084 2224 experientia
2107 2173 2206 2213 docti
2220 2174 2290 2223 4¹·

183 2238 292 2277 tificis
317 2241 452 2279 curis
477 2243 619 2290 pariter
644 2246 850 2293 gestamina
876 2258 1025 2285 mensae
1049 2246 1228 2296 Fingere!
1277 2246 1356 2285 silv,
1408 2251 1512 2293 5,1,6.
1565 2249 1697 2292 4,6,29.

356 2317 390 2357 11
417 2324 453 2367 2,
483 2325 550 2360 128
576 2334 668 2375 sqq:

708 2384 824 2432 Quem
852 2397 926 2425 non
952 2385 1117 2436 ambigui
1142 2385 1272 2433 fasces,
1296 2397 1370 2425 non
1395 2384 1532 2424 mobile
1557 2384 1697 2436 vulgus,

706 2445 789 2485 Non
816 2445 927 2496 leges,
952 2458 1026 2485 non
1048 2449 1172 2485 castra
1196 2449 1337 2493 tenent,
1363 2446 1428 2496 qui
1451 2448 1599 2496 pectore
1624 2457 1755 2496 magno

613 2508 682 2544 125
709 2506 895 2554 Spemque
922 2509 1134 2555 metumque
1160 2505 1288 2544 domas
1314 2509 1418 2544 tuto
1443 2504 1636 2543 sublimior
1659 2505 1770 2553 omni,

704 2565 910 2615 Exemptus
934 2565 1026 2605 fatis
1051 2565 1380 2616 indignantemque
1405 2564 1554 2614 repellis
1579 2564 1791 2603 Fortunam.

178 2627 323 2669 Laudat
348 2633 460 2679 poeta
485 2630 593 2671 amici
621 2632 728 2673 Pollii
755 2634 885 2674 Felicis
910 2636 1024 2675 animi
1050 2636 1314 2686 integritatem,
1340 2633 1438 2685 quod
1464 2633 1577 2672 vitam
1603 2632 1714 2684 degat
1731 2632 1967 2673 umbratilem
1987 2636 2026 2671 et
2045 2631 2287 2683 eloquentiae

176 2705 216 2738 et
240 2700 360 2749 poesis
384 2701 517 2739 studiis
552 2703 761 2753 fecundam,
788 2709 827 2743 et
851 2718 946 2755 quae
963 2703 1085 2745 'nullis
1109 2706 1224 2745 animi
1249 2703 1587 2755 perturbationibus
1623 2705 1796 2753 agitetur.
1865 2704 1944 2742 lam
1970 2704 2178 2743 sententiae
2195 2715 2292 2754 quae

176 2769 312 2815 dicitur
337 2784 480 2812 summa
505 2785 588 2813 cum
614 2775 650 2815 in
679 2788 722 2815 eo
748 2781 926 2824 versetur,
966 2777 1076 2818 Pollii
1102 2777 1267 2819 animum
1301 2775 1457 2814 liberum
1484 2786 1564 2813 esse
1590 2774 1690 2814 omui
1717 2779 1859 2821 motu,
1899 2775 1965 2828 qui
1991 2774 2180 2828 'spemque
2211 2786 2293 2816 me·
