2439 3130
1105 114 1367 157 ..3-

179 228 252 267 Ani
278 230 354 268 alia
380 224 628 275 tentaverunt,
663 231 911 271 Baehrensius
935 230 1116 281 ‘ignavos’‚
1153 231 1254 282 quod
1279 232 1500 271 adieciivum
1526 230 1674 271 omnino
1700 229 1871 277 otiosum,
1898 226 2072 271 Heinsius
2096 212 2284 283 ‘ignarae'‚

181 300 386 339 Gronovius
410 301 602 339 ‘intactae'.
673 332 678 336 .

358 388 543 436 Sequitur,
568 391 611 425 ut
635 388 683 425 ad
709 401 741 426 v.
769 393 815 426 98
833 390 996 428 eiusdem
1023 390 1196 428 carminis
1220 393 1462 435 transeamus,
1500 400 1737 437 quamquam,
1762 389 1873 435 prout
1897 390 2190 427 commentarioli
2214 391 2282 429 hu·

180 455 237 493 ius
262 457 424 494 rationes
450 456 588 503 ferunt,
627 455 787 494 brevius.
840 456 872 495 E
897 457 1063 499 versibus
1088 460 1195 504 88‚89
1222 459 1378 506 apparet
1402 455 1611 495 condidisse
1635 455 1705 494 hoc
1729 467 1878 494 carmen
1916 454 2077 494 Statium
2113 461 2286 498 autumni

181 528 355 573 tempore,
381 537 464 562 c-um
490 525 541 562 ad
567 524 831 573 profectionem
859 537 898 564 se
924 526 1132 575 accingeret
1157 525 1346 574 Vopiscus.
1370 528 1415 563 ut
1438 536 1539 563 more
1564 524 1718 562 divitum
1745 523 1995 562 Romanorum
2016 523 2173 564 hiemem
2197 539 2286 567 con-

179 597 341 631 sumeret
367 595 480 632 Antii.
533 595 617 636 Cur,
644 594 766 642 inquit
789 598 913 642 poeta,
940 596 1089 632 Antium
1115 595 1211 643 petis
1237 598 1364 642 spreta
1387 593 1498 630 villae
1523 597 1610 630 tuae
1636 593 1736 630 omni
1762 591 1978 629 deliciarum
2003 593 2111 642 copia
2127 594 2283 634 affluen-

180 664 230 699 tis
256 664 453 711 vicinitate,
467 665 541 701 sive
555 667 598 700 ut
622 664 738 712 ipsius
764 667 896 711 poetae
921 663 1043 700 verbis
1067 667 1170 701 utar:
1197 663 1272 700 Cur
1296 663 1412 700 oculis
1436 661 1564 699 sordet
1579 661 1700 698 vicina
1724 660 1978 708 voluptas?
2028 663 2080 699 Ac
2097 662 2186 701 mihi
2202 665 2285 713 qui-

178 732 263 770 dem
288 733 434 782 eclogae
461 734 572 771 huius
597 732 842 770 difficillimae
868 732 1119 770 condicionem
1145 733 1291 780 saepius
1316 730 1567 768 consideranti
1592 729 1694 767 haud
1719 741 1853 777 parum
1869 729 2063 776 probabile
2079 731 2196 769 visum
2216 739 2284 781 est,

178 802 309 850 corrigi
336 801 493 840 debere:
519 803 604 839 ‘Cur
628 801 746 839 oculis
772 802 900 839 sordet
923 802 1042 838 vicina
1066 800 1338 849 Voluptas‘?'
1363 799 1660 847 Intellegendum
1693 801 1751 835 est
1776 809 1911 835 nomen
1935 798 2057 837 villae.
2108 801 2283 849 Suspicor

177 869 290 918 igitur
314 869 424 908 villae
452 870 593 908 Manilii
610 870 757 917 Vopisci
784 882 917 908 nomen
942 870 1054 907 fuisse
1081 869 1293 917 ‘Voluptas’
1343 867 1523 905 Similiter
1539 866 1708 915 queritur
1725 865 1838 904 Pollii
1851 866 1984 905 Felicis
2000 867 2093 906 villa
2118 869 2282 918 ffiimon’,

177 940 347 985 quotiens
363 938 500 976 Pollius
513 938 636 974 villam
652 938 906 975 Surrentinum
932 938 1118 985 praeferat
1142 938 1267 984 ibique
1292 938 1469 973 versetur.
1519 934 1573 973 Cf.
1599 934 1681 976 silv.
1708 934 2012 983 2,2‚81‘Angitur
2036 935 2107 973 bac
2131 935 2282 977 domino

177 1009 303 1054 contra
329 1007 528 1044 recubante
554 1005 754 1053 proculque
768 1006 985 1043 Surrentina
1011 1012 1121 1043 tuus
1145 1008 1290 1054 spectat
1314 1003 1501 1053 praetoria
1528 1002 1713 1041 Limon'.
1767 1003 1845 1040 lam
1873 1003 2145 1053 simplicissime
2157 1007 2283 1058 colligi

178 1076 324 1121 poterit,
348 1075 386 1112 id
412 1074 510 1122 quod
537 1074 736 1121 suspicioni
762 1078 910 1112 nostrae
936 1075 994 1111 vel
1021 1075 1179 1113 maxime
1204 1073 1437 1122 suffragatur,
1462 1084 1528 1109 cur
1551 1072 1634 1120 ipsa
1660 1071 1843 1119 Voluptas
1869 1072 1943 1109 dea
1966 1084 1991 1110 a
2015 1077 2129 1121 poeta
2152 1076 2282 1125 imagi-

177 1154 261 1179 nem
285 1143 394 1180 villae
419 1143 658 1191 descripsisse
684 1142 856 1191 fingatur.
908 1142 963 1181 Cf.
988 1155 1020 1179 v.
1049 1147 1082 1179 9.
1132 1142 1252 1191 ‘lpsa
1290 1154 1424 1179 manu
1449 1145 1620 1178 tenera
1644 1140 1763 1177 fertur
1787 1141 1976 1188 scripsisse
2016 1142 2282 1192 Voluptas!

177 1210 283 1247 Villis
308 1211 553 1249 Romanorum
580 1221 842 1259 nonnunquam
881 1213 1100 1261 cognomina
1139 1211 1259 1249 indita
1284 1223 1365 1249 esse
1390 1212 1547 1255 constat,
1589 1208 1702 1247 veluti
1739 1209 1957 1257 perhibetur
1982 1210 2280 1262 Pausilypon

175 1278 235 1325 (cf.
263 1279 398 1319 Friedl.
424 1279 469 1318 H.
497 1292 542 1316 m.
569 1279 638 1327 R),
665 1283 830 1317 nostrum
856 1281 1119 1329 ,‚Sorgeufrei“,
1144 1281 1353 1318 Sanssouci.
1404 1280 1506 1317 Suet.
1534 1278 1655 1316 Galba
1685 1284 1700 1314 1
1731 1282 1785 1315 ‘ut
1810 1279 1995 1328 hodieque
2038 1293 2082 1318 ea
2106 1282 2195 1320 villa
2218 1283 2279 1321 ad

176 1347 395 1386 Gallinas
416 1348 586 1386 vocetur.'
636 1348 690 1385 Ne
716 1348 854 1386 multus
879 1349 960 1395 sim,
986 1349 1096 1386 villae
1121 1349 1222 1387 illius
1251 1348 1429 1386 Hadriani
1446 1348 1660 1385 Tiburtinae
1678 1347 1762 1385 aliis
1781 1349 1951 1397 partibus
1967 1350 2044 1389 alia
2059 1353 2279 1401 cognomina

174 1416 274 1453 velut
298 1417 476 1464 Tempe,
518 1419 738 1465 Canopus
776 1417 986 1465 similiaque
1025 1417 1138 1456 fuisse
1177 1421 1306 1455 notum
1332 1420 1400 1455 est.
1455 1416 1630 1454 Eiusdem
1655 1415 1741 1454 libri
1768 1417 1895 1466 ecloga
1919 1423 2055 1467 quarta
2082 1421 2205 1470 agitur
2229 1422 2277 1460 de

173 1487 319 1523 ‘soteria
343 1486 474 1522 Rutilii
500 1487 658 1523 Gallici.’
709 1486 861 1523 Miserat
898 1485 967 1523 hoc
1004 1498 1152 1523 carmen
1188 1487 1329 1523 Statius
1353 1490 1467 1534 poeta
1490 1486 1540 1522 ad
1577 1485 1760 1522 Rutilium
1799 1487 1985 1524 Gallicum
2020 1488 2059 1525 id
2101 1493 2276 1539 temporis

170 1553 282 1602 praef.
310 1553 403 1599 urbi,
429 1565 512 1591 cum
536 1554 637 1603 gravi
663 1554 792 1591 morbo
817 1553 1011 1602 expeditus
1032 1554 1315 1593 convalesceret.
1368 1554 1522 1592 Initium
1547 1555 1720 1592 carminis
1744 1556 1854 1604 vulgo
1881 1555 2019 1605 legitur
2044 1558 2118 1596 sic:

696 1623 805 1668 Estis,
829 1623 878 1664 io,
893 1623 1037 1670 superi,
1064 1634 1132 1659 nec
1155 1623 1383 1677 inexorabile
1410 1622 1542 1660 Clotho

698 1680 819 1718 Volvit
843 1692 945 1729 opus,
969 1679 1069 1718 videt
1090 1680 1193 1726 ,alma
1216 1681 1297 1729 pios
1324 1682 1481 1720 Astraea
1506 1680 1657 1729 Iovique

697 1739 901 1777 Conciliata
925 1739 1055 1777 redit
1079 1739 1322 1787 dubitataque
1346 1739 1469 1777 sidera
1493 1740 1612 1777 cernit
1637 1740 1814 1779 Gallicus.

171 1819 241 1857 Pro
267 1818 382 1856 ‘redit’
406 1829 493 1855 voce
517 1818 624 1858 codd.
650 1818 825 1856 exhibent
849 1830 976 1856 omnes
1000 1818 1132 1858 ‘cadit'.
1183 1817 1402 1857 Coniectura
1425 1818 1557 1866 ‘redit',
1583 1831 1679 1868 quae
1711 1820 1866 1859 Barthio
1887 1820 2056 1870 debetur,
2082 1837 2154 1863 non
2170 1826 2272 1865 omni

169 1901 214 1927 ex
239 1891 343 1937 parte
369 1886 519 1933 sufficit3
546 1899 666 1937 neque
692 1887 790 1925 enim
815 1886 862 1925 de
887 1887 1067 1926 Astraeae
1092 1886 1254 1926 reditu
1278 1887 1348 1926 hoc
1372 1888 1453 1927 loco
1477 1900 1599 1928 sermo
1624 1894 1692 1930 est.
1744 1890 1783 1928 Si
1808 1891 1899 1938 quid
1924 1894 2058 1939 sentio,
2103 1895 2266 1934 dicturus

167 1961 248 1996 erat
271 1960 392 2006 poeta,
417 1956 541 1995 videre
566 1957 687 1995 adhuc
713 1956 896 1995 Iustitiam
921 1956 1001 2005 pios
1025 1956 1301 2006 immeritosque
1328 1947 1502 1997 mortales
1527 1971 1663 2007 eosque
1702 1961 1956 2008 respicere
1980 1966 2094 2012 atque
2119 1968 2136 2001 t
2149 1966 2266 2004 ueri.

167 2025 268 2071 Quae
291 2037 374 2062 cum
399 2025 453 2062 ita
477 2025 562 2072 sint,
585 2037 653 2073 pro
677 2024 799 2067 ‘cadit’
825 2025 935 2063 ‘colit'
960 2026 1190 2072 coniecerim,
1226 2026 1412 2075 frequenti
1438 2027 1494 2065 ‘cl‘
1519 2032 1558 2065 et
1582 2028 1628 2066 ‘d’
1653 2028 1846 2067 literarum
1884 2031 2098 2070 confusione
2143 2034 2266 2073 nisus.

168 2094 287 2140 Quid?
322 2094 353 2131 si
378 2094 417 2131 in
442 2093 547 2132 codd.
591 2098 783 2132 exaratum
808 2097 889 2131 erat
913 2095 1031 2142 ‘colit'‚
1073 2107 1193 2133 nonne
1218 2107 1302 2133 cum
1326 2096 1591 2144 probabilitate
1615 2098 1674 2136 vel
1712 2110 1845 2147 magna
1869 2101 2068 2148 suspicere,
2110 2103 2265 2141 notione

166 2162 268 2200 verbi
292 2173 366 2199 non
390 2160 581 2199 intellecta
604 2162 745 2199 inserta
769 2162 878 2201 litera
902 2163 944 2201 ‘a’
968 2176 991 2201 a
1005 2163 1156 2202 librario
1181 2164 1303 2202 nescio
1320 2176 1405 2213 quo,
1418 2166 1543 2204 sensui
1560 2167 1780 2207 subventum
1792 2170 2012 2216 esse,totim
2029 2168 2101 2209 loci
2118 2175 2268 2210 senten·

165 2216 240 2269 tiae
267 2243 339 2268 non
353 2216 464 2268 item.
516 2231 570 2268 De
583 2231 729 2269 colendi
741 2232 842 2270 verbi
869 2233 1016 2271 notione
1041 2233 1086 2271 cf.
1105 2234 1201 2274 Stat.
1213 2233 1324 2272 Theb.
1341 2238 1445 2281 6,279
1461 2235 1529 2274 Ast
1552 2236 1659 2275 illam
1677 2237 1808 2276 melior
1821 2238 1963 2277 Phariis
1985 2244 2154 2279 erexerat
2169 2243 2268 2281 arvis

167 2301 343 2349 Iuppiter,
357 2303 470 2347 atque
495 2300 627 2348 hospes
651 2302 725 2339 iam
751 2306 839 2339 tunc
853 2304 994 2340 Amora
1018 2303 1220 2342 colebat.
1269 2303 1374 2347 Quod
1387 2305 1633 2344 Baehrensius
1646 2308 1724 2345 Nic.
1739 2308 1870 2359 Hopfio
1894 2312 2043 2347 auctore
2068 2311 2108 2347 in
2125 2314 2268 2350 textum

167 2368 416 2418 recipiendum
442 2368 512 2406 sibi
538 2371 723 2417 persuasit
761 2370 947 2409 ‘conciliat
983 2372 1092 2418 vivit'‚
1125 2385 1208 2411 cum
1246 2374 1356 2412 nimis
1379 2386 1402 2412 a
1426 2375 1532 2415 codd.
1558 2378 1721 2426 vestigiis
1745 2377 1923 2424 discedat,
1963 2378 2066 2416 haud
2092 2381 2268 2429 cuiquam

166 2439 392 2490 probabitur.
445 2438 486 2474 ln
512 2437 675 2476 eiusdem
702 2439 849 2489 eclogae
875 2452 908 2480 v.
938 2443 978 2479 11
1014 2442 1124 2491 ‘leges
1148 2442 1333 2492 urbesque
1357 2443 1566 2494 ubicunque
1592 2446 1747 2495 togatae'
1797 2446 1992 2485 lectionem
2019 2447 2150 2498 ‘leges’
2195 2462 2270 2489 non

166 2509 350 2548 immerito
375 2507 442 2544 viri
468 2506 567 2545 docti
593 2509 632 2546 in
658 2509 901 2558 suspicionem
926 2514 1113 2557 vocarunt,
1139 2524 1223 2550 cum
1247 2512 1297 2550 ad
1323 2513 1527 2562 ‘urbesque’
1551 2514 1769 2552 substantivi
1794 2517 1866 2553 vim
1891 2520 1930 2554 et
1956 2518 2149 2558 notionem
2174 2521 2267 2559 sub·

166 2578 366 2616 stantivum
392 2575 622 2615 desideretur
646 2578 777 2616 similis
801 2577 1092 2628 significationis.
1121 2580 1329 2620 Secundum
1354 2582 1500 2621 dicendi
1524 2581 1829 2621 consuetudinem
1854 2584 2061 2627 Statianam
2091 2591 2264 2639 transpo-

167 2648 242 2685 sita
266 2647 385 2696 prima
409 2646 644 2695 corruptelae
669 2648 812 2699 syllaba
837 2647 1034 2697 legendum
1058 2653 1117 2689 est
1141 2654 1282 2701 ‘gentes
1307 2651 1491 2702 urbesque
1516 2652 1725 2703 ubicunque
1751 2654 1919 2704 togatae’.
1968 2656 2026 2696 Cf.
2046 2657 2127 2697 silv.
2148 2661 2268 2706 1,6,⁸6

166 2720 218 2756 ‘et
235 2715 503 2767 gentesalis
519 2716 669 2755 insimul
694 2718 912 2768 togatas!
961 2719 1070 2771 Verg.
1097 2722 1138 2761 A.
1168 2725 1270 2767 1381
1299 2726 1594 2772 ‘gentemque
1611 2726 1843 2774 togatam)
1893 2728 1999 2772 Quod
2023 2728 2272 2770 Baehrensiue

167 2790 396 2830 commentus
421 2789 478 2826 ost
504 2790 620 2837 ‘reges
645 2788 830 2844 urbesque
856 2788 1068 2843 ubicunque
1093 2790 1247 2834 locatae’
1285 2803 1392 2834 nemo
1417 2795 1484 2842 est,
1526 2793 1617 2848 quin
1652 2793 1828 2848 frigidum
1866 2807 1949 2838 esse
1985 2798 2175 2844 concedat.
2227 2800 2272 2843 Ia
