2439 3130
1108 115 1370 164 ,5,-

172 241 325 290 tumque
348 234 536 277 domuerit
561 237 610 288 (v.
639 236 738 288 125),
763 247 848 276 cum
874 236 1199 278 verisimilitudine
1227 249 1301 278 non
1326 248 1441 288 parva
1463 232 1700 277 contenderis
1724 232 1916 285 scripsisae
1941 231 2126 275 Statium:
2150 234 2287 286 ‘Spem-

172 319 246 356 que
273 309 488 355 metumque
513 306 644 345 domas
668 309 800 344 motu
834 306 1028 345 sublimior
1053 306 1176 353 omni',
1215 318 1311 356 quae
1336 306 1549 344 coniectura
1572 303 1674 342 haud
1697 314 1829 352 parum
1853 302 2134 342 commendatur
2157 316 2190 342 v.
2221 307 2286 342 181

169 375 294 415 ‘Celsa
318 378 362 414 tu
390 375 528 415 mentis
552 376 602 414 ab
628 388 713 415 arce
752 376 920 424 Despicis
958 380 1126 414 errantes
1151 376 1388 424 humanaque
1413 375 1550 424 gaudia
1575 374 1697 412 rides.'
1748 373 1901 410 Domitii
1942 373 2054 411 ‘vitio’
2098 373 2293 412 Baehren-

169 444 289 494 siique
317 444 426 483 ‘astu’
451 444 492 483 in
518 445 728 484 sententiae
754 444 956 484 medullam
982 456 1055 483 non
1083 446 1292 493 penetrant.

347 513 384 552 11
411 518 495 561 854
520 525 603 563 sqq.
635 513 681 553 de
706 513 831 552 Atedii
857 512 1021 552 Melioris
1045 514 1143 552 vitae
1169 512 1359 562 degendae
1387 512 1531 551 ratione
1557 514 1597 552 et
1623 510 1787 550 moribus
1813 509 2050 559 proferuntur
2075 509 2187 549 haec:

702 583 768 628 Tu,
792 583 898 620 cuius
922 580 1070 631 placido
1096 593 1252 630 posuere
1280 581 1319 619 in
1344 584 1493 630 pectore
1518 580 1643 619 oedem

625 646 670 679 65
700 642 865 679 Blandus
890 641 1008 678 honos
1034 641 1237 689 hilarisque
1263 644 1387 678 tamen
1414 652 1498 678 cum
1524 639 1687 688 pondere
1711 639 1839 684 virtus,

701 700 768 738 Cui
798 712 862 737 nec
887 700 993 748 pigra
1018 700 1124 748 quies
1150 711 1216 737 nec
1241 699 1370 749 iniqua
1396 699 1565 749 potentia
1590 709 1658 736 nec
1682 709 1767 748 spes

702 759 886 806 Improba,
911 758 977 795 sed
1004 758 1148 795 medius
1173 770 1240 805 per
1266 758 1424 795 honesta
1448 761 1490 796 et
1514 758 1639 795 dulcia
1663 757 1782 804 limes,

702 817 921 867 Incorrupte
947 816 1059 855 fidem
1086 816 1284 866 nullosque
1314 820 1468 866 experte
1493 816 1678 855 tumultus

701 878 749 915 Et
773 880 973 923 secrete,
998 875 1122 925 palam
1148 875 1250 924 quod
1275 875 1415 925 digeris
1440 875 1570 915 ordine
1595 877 1711 914 vitam
1740 904 1749 913 .
1778 905 1787 916 .
1822 907 1829 915 .
1858 904 1867 914 .

707 936 840 974 Iliacos
865 947 1029 985 aequare
1054 947 1163 973 senes
1191 938 1230 972 et
1253 935 1400 973 vincere
1426 938 1564 985 persta.

342 1004 488 1044 Laudat
512 1005 571 1043 his
595 1005 761 1043 versibus
787 1009 898 1053 poeta
925 1005 1127 1049 Meliorem,
1165 1006 1270 1042 cuius
1307 1006 1384 1042 vita
1423 1006 1462 1041 in
1499 1004 1626 1052 aprico
1651 1005 1701 1041 sit
1727 1005 1862 1052 posita,
1904 1005 2017 1043 nullis
2057 1006 2285 1044 tumultuum

165 1074 314 1113 irretita
339 1072 497 1123 laqueis.
548 1073 650 1119 Quae
676 1085 759 1112 cum
787 1074 841 1112 ita
866 1073 943 1112 sint
968 1086 1034 1122 pro
1060 1073 1195 1111 ‘nullos
1223 1077 1375 1122 experte
1401 1073 1585 1111 tumultus
1610 1077 1649 1111 et
1673 1077 1824 1111 secrete‘
1851 1074 2047 1123 legendum
2065 1075 2198 1113 ‘nullos
2223 1088 2286 1113 ex·

166 1146 273 1192 perte
298 1143 483 1181 tumultus
509 1147 548 1181 et
573 1146 786 1188 secreta,
812 1142 936 1192 palam
962 1142 1062 1192 quod
1089 1142 1225 1192 digeris
1251 1142 1381 1181 ordine
1405 1142 1539 1180 vitam‘.
1592 1142 1848 1193 Intellegentia
1872 1146 1960 1183 sunt
1984 1143 2287 1194 philosophorum

167 1212 341 1261 dogmata
366 1216 406 1250 et
442 1224 488 1250 ea
516 1213 666 1261 quidem
705 1223 794 1260 prae
832 1212 966 1249 ceteris
990 1211 1209 1255 Stoicorum,
1250 1211 1454 1249 Domitiani
1492 1211 1721 1260 temporibus
1758 1214 1939 1262 suspecta.
1992 1212 2045 1251 cf.
2072 1212 2181 1252 Mart.
2206 1214 2225 1252 1
2251 1219 2288 1255 8.

167 1281 365 1319 ‘Thraseae
381 1286 496 1330 atque
514 1282 666 1319 Catonis
683 1281 856 1330 dogmata
875 1282 928 1318 sic
947 1281 1123 1329 sequeris,
1141 1281 1265 1318 salvus
1282 1284 1324 1317 ut
1350 1292 1430 1318 esse
1468 1280 1574 1327 velis,
1607 1293 1630 1329 p
1644 1284 1805 1319 ectore
1831 1292 1914 1319 nec
1939 1281 2062 1320 nudo
2088 1284 2292 1324 strictos

168 1350 381 1390 incurris
405 1352 451 1389 in
478 1351 636 1389 enses!
686 1351 771 1389 Seu.
797 1363 852 1399 ep.
881 1355 923 1387 91
953 1350 1233 1388 ‘secretissimos
1247 1349 1440 1387 tumultus’
1477 1350 1580 1388 Suet.
1596 1349 1699 1387 Dom.
1733 1354 1787 1388 10.
1814 1350 1896 1387 Tac.
1921 1362 1956 1389 a.
1988 1356 2042 1397 14,
2069 1357 2127 1391 22.
2154 1354 2203 1391 ib.
2232 1359 2290 1394 57.

171 1417 279 1464 Quod
307 1418 553 1458 Marklandus
578 1419 789 1469 suspicatus
815 1424 873 1457 est
897 1421 1045 1458 ‘secure'
1072 1432 1297 1469 quamquam
1324 1420 1550 1459 Baehrensio
1576 1420 1733 1469 placuit,
1770 1420 1831 1458 vix
1870 1421 2043 1470 cuiquam
2069 1422 2297 1472 probabitur,

168 1490 346 1541 quoniam
373 1493 412 1528 et
435 1502 459 1528 a
485 1490 643 1528 lectione
657 1489 799 1528 tradita
832 1490 943 1528 nimis
960 1490 1121 1529 discedit
1140 1493 1178 1528 et
1190 1491 1305 1529 totius
1318 1490 1526 1529 sententiae
1541 1490 1697 1528 intimae
1710 1489 1919 1528 condicioni
1933 1492 2055 1530 minus
2079 1493 2291 1542 respondet.

346 1560 381 1598 ss
408 1563 443 1605 ὃ,
470 1563 518 1597 48
544 1571 626 1608 ης.
703 1619 799 1658 Nam
825 1618 946 1668 pudor
970 1620 1153 1668 ingenuae
1179 1620 1315 1657 mentis
1340 1619 1619 1667 tranquillaque
1645 1631 1788 1658 morum

700 1678 912 1728 Temperies
941 1681 1146 1726 teneroque
1172 1678 1321 1716 animus
1347 1678 1529 1716 maturior
1553 1690 1644 1717 aevo

627 1743 673 1775 50
700 1737 871 1776 Carmine
898 1750 971 1786 quo
997 1741 1193 1786 potasse
1219 1738 1411 1786 queam?

173 1808 307 1858 Agitur
332 1807 380 1847 de
406 1807 564 1856 Phileto,
589 1807 707 1846 Flavii
728 1808 813 1847 Ursi
851 1820 966 1856 puero
992 1806 1164 1854 delicato,
1189 1809 1254 1856 qui
1280 1808 1493 1857 quindecim
1519 1820 1637 1846 annos
1664 1812 1774 1847 natus
1791 1808 1889 1847 diem
1910 1811 2054 1849 obierat
2083 1825 2294 1861 supremum

168 1878 218 1927 (v.
249 1878 328 1927 70).
368 1876 449 1916 Iam
468 1875 715 1916 Marklandus
741 1888 809 1927 pro
826 1876 976 1926 ingenii,
1001 1888 1076 1925 quo
1093 1870 1186 1915 mire
1206 1876 1430 1925 excellebat,
1456 1877 1627 1916 acumine
1645 1882 1889 1928 perspexerat
1913 1880 1951 1919 in
1979 1881 2113 1921 mendo
2139 1886 2298 1933 ‘potasse

171 1948 292 1986 latere
318 1948 481 1993 verbum,
506 1959 583 1995 quo
608 1947 848 1996 significetur,
892 1946 1209 1995 quemadmodum
1236 1948 1341 1995 pueri
1380 1946 1515 1984 decora
1552 1946 1720 1997 patefieri
1758 1949 1902 1997 possint
1938 1949 2158 2002 scripsitque
2195 1954 2296 1992 ‘nota

168 2030 249 2056 esse
276 2017 438 2066 queant',
463 2016 504 2055 id
521 2017 621 2065 quod
640 2016 890 2054 Baehrensius
916 2017 954 2054 in
981 2019 1125 2054 textum
1153 2017 1308 2064 recepit-
1359 2017 1408 2053 At
1433 2016 1531 2054 idem
1557 2029 1687 2055 sensus
1711 2018 1923 2057 restituitur
1947 2022 2151 2059 mutatione
2176 2023 2294 2061 multo

167 2085 323 2133 leviore,
347 2099 415 2136 pro
442 2085 613 2136 ‘potasse'
638 2085 824 2136 ‘patuisse’
850 2086 881 2124 si
909 2085 1114 2135 scripseris.
1170 2085 1320 2123 Accedit
1345 2085 1444 2134 quod
1470 2086 1705 2135 corruptelae
1732 2088 1834 2137 origo
1860 2088 1977 2128 multo
2003 2090 2150 2129 facilius
2175 2092 2292 2141 expli-

166 2159 289 2193 catur.
343 2155 472 2205 Neque
499 2156 596 2193 enim
624 2156 821 2205 quisquam
851 2155 1004 2205 negabit
1030 2155 1204 2205 ‘potasse’
1228 2155 1463 2194 verisimilius
1499 2167 1545 2193 ex
1571 2156 1757 2205 ‘patuisse'
1795 2156 1954 2197 lectione
1979 2171 2091 2209 quam
2122 2173 2168 2200 ex
2192 2164 2292 2200 ‘nota

167 2225 258 2264 esse’
283 2226 447 2274 potuisse
473 2226 670 2274 corrumpi.
721 2225 932 2273 Iaegendum
958 2224 1072 2273 igitur
1097 2224 1170 2262 sic:

701 2304 794 2342 Nam
823 2305 943 2353 pudor
968 2305 1152 2353 ingenuae
1179 2306 1314 2343 mentis
1339 2305 1616 2355 tranquillaque
1642 2319 1785 2348 morum

700 2365 911 2414 Temperies
937 2368 1143 2415 teneroque
1169 2366 1315 2404 animus
1340 2367 1523 2405 maturior
1546 2378 1636 2406 aevo

623 2429 669 2464 50
696 2424 869 2463 Carmine
896 2436 969 2473 quo
995 2425 1209 2474 patuisse
1234 2428 1443 2474 queant?

341 2493 395 2534 111
424 2499 458 2543 8,
488 2501 502 2534 1
533 2507 623 2545 sqqt

698 2565 851 2603 Summa
876 2562 998 2611 deum,
1024 2563 1163 2610 Pietas,
1189 2565 1293 2603 cuius
1318 2566 1530 2616 gratissima
1554 2568 1657 2608 caelo

697 2623 798 2663 Rara
823 2623 1041 2674 profanatas
1066 2624 1278 2674 inspectant
1303 2627 1456 2664 numina
1481 2631 1613 2676 terras,

698 2683 783 2723 Huc
808 2684 942 2724 vittata
967 2696 1111 2724 comam
1141 2685 1322 2735 niveoque
1348 2687 1502 2736 insignis
1527 2690 1676 2737 amictu,

695 2743 827 2790 Qualis
852 2744 974 2783 adhuc
999 2756 1176 2794 praesens
1201 2745 1379 2796 nullaque
1406 2746 1561 2798 expulsa
1585 2751 1786 2790 nocentum

643 2807 663 2846 ὗ
691 2804 835 2846 Fraude
860 2804 972 2846 rudes
997 2805 1157 2857 populos
1182 2810 1298 2856 atque
1322 2819 1437 2847 aurea
1463 2821 1576 2860 regna
1599 2807 1761 2861 colebas,
