2439 3130
1065 108 1357 150 ...11-

615 222 810 272 'l'empora3
836 224 910 262 vidi
937 225 1037 262 omni
1063 224 1208 274 pridem
1233 227 1272 263 te
1297 225 1386 264 flore
1414 226 1605 271 nitentem,

615 281 702 318 Vidi
725 282 828 319 altae
853 285 1005 332 propius
1029 284 1258 333 propiusque
1283 285 1459 322 accedere
1484 284 1652 322 dextrae.

322 350 543 399 corruptela
567 353 675 389 ‘mon
686 351 773 396 tis’,
812 365 923 399 quam
962 353 1210 400 corruptelam
1235 353 1384 390 exhibet
1429 353 1508 391 cod.
1552 354 1655 390 Vrat.
1699 352 1956 389 emendabitur
1993 353 2260 400 probabilitate

145 416 245 457 haud
266 429 389 470 parva,
414 419 446 459 si
471 418 663 470 scripseris
689 420 886 461 ‘mortis’.
935 420 1115 462 Obsecrat
1128 421 1226 461 enim
1253 433 1346 462 uxor
1364 422 1542 462 moritura
1566 421 1771 471 coniugem,
1797 424 1839 461 ut
1864 421 2030 461 lacrimis
2066 422 2141 461 iam
2167 425 2263 461 tem·
2295 471 2299 474 ᾖ

142 492 259 535 peret.
312 490 450 526 Morior
474 489 658 537 equidem,
683 491 736 526 sic
762 491 893 540 pergit,
921 492 1022 540 prior
1047 491 1251 529 secundum
1279 494 1397 529 statas
1437 491 1537 542 leges
1575 493 1744 538 naturae,
1783 489 1884 529 salvo
1922 490 2094 541 iustoque
2120 490 2253 530 mortis

144 557 285 603 ordine,
312 559 486 605 quoniam
513 562 605 596 natu
630 572 710 596 sum
737 561 866 598 maior.
929 561 1014 597 Vidi
1040 562 1139 597 enim
1165 562 1266 597 omni
1291 562 1434 608 pridem
1459 565 1497 598 te
1523 561 1614 599 flore
1640 562 1823 597 nitentem
1826 586 1983 597 .....

383 625 415 665 V
442 629 477 673 2,
506 630 575 665 128
602 638 693 676 sqq:

614 695 874 735 Monstrabunt
896 697 995 736 acies
1020 696 1166 736 Mavors
1191 696 1408 746 Actaeaque
1435 698 1550 747 virgo,

613 755 779 793 Flectere
805 755 937 792 Castor
962 768 1087 804 equos,
1114 756 1279 793 humeris
1304 759 1461 804 quatere
1485 768 1591 795 arma
1618 757 1805 803 Quirinus,

524 818 594 853 130
623 814 692 859 Qui
718 814 789 853 tibi
814 818 832 852 t
851 828 920 853 am
945 819 1073 854 tenero
1098 816 1268 864 permisit
1292 815 1470 864 ffiaudere
1497 817 1593 854 collo

619 873 831 923 Nubigenae
856 874 995 923 clipeos
1019 874 1235 923 intactaque
1261 874 1439 913 caedibus
1463 887 1577 916 arma.

147 942 341 981 Docebunt
367 943 533 981 Vettium
574 942 782 992 Crispinum
809 943 1096 990 adulescentem,
1121 944 1244 992 inquit
1269 946 1390 992 poeta,
1416 947 1454 981 et
1479 944 1622 982 Mavors
1648 947 1686 981 et
1711 944 1886 989 Quirinus
1918 947 2038 981 artem
2064 943 2263 981 militarem

144 1011 479 1061 monstrabuntque
504 1023 691 1050 armorum
730 1025 848 1059 usum,
886 1013 945 1051 cui
974 1013 1134 1062 benigna
1171 1012 1322 1051 fortuna
1346 1013 1526 1061 permisit,
1564 1016 1606 1051 ut
1643 1014 1717 1051 iam
1756 1017 1863 1051 tener
1889 1025 1981 1062 puer
2007 1024 2124 1051 aurea
2160 1024 2266 1051 arma

145 1080 244 1119 collo
268 1069 424 1130 gereret,
449 1084 667 1119 ornamenta
685 1081 753 1119 illa
777 1082 971 1129 pueritiae,
996 1082 1238 1130 ingenuitatis
1263 1081 1465 1129 lentaeque
1491 1081 1662 1120 fortunae
1686 1083 1854 1130 insignia.
1909 1082 2127 1119 Sententiae
2153 1081 2267 1129 igitur

145 1148 312 1190 condicio
338 1149 469 1197 poscit,
494 1152 537 1186 ut
562 1149 819 1187 emendemus:
870 1149 950 1194 ‘Qui
976 1150 1048 1187 tibi
1073 1152 1161 1188 iam
1187 1151 1347 1197 teuero‘3
1375 1162 1471 1199 quae
1497 1151 1653 1189 mutatio
1692 1161 1775 1188 cum
1815 1154 1892 1189 tam
1931 1141 2090 1189 levicula
2126 1150 2187 1196 sit,
2222 1152 2266 1188 ut

145 1231 219 1256 nou
245 1222 323 1255 tam
349 1219 567 1256 coniectura
592 1230 704 1266 quam
745 1219 866 1257 altera
891 1219 1001 1257 lectio
1027 1219 1101 1256 dici
1127 1220 1256 1268 possit,
1296 1231 1378 1256 cum
1405 1231 1516 1257 sensu
1542 1220 1659 1269 magis
1683 1219 1973 1265 commendetur,
1999 1231 2074 1257 non
2099 1222 2170 1263 est,
2196 1230 2265 1256 cur

146 1287 186 1325 in
211 1286 482 1326 dubitationem
505 1288 629 1326 vocari
654 1291 781 1336 queat.
832 1287 1094 1336 Significantur
1117 1289 1233 1336 igitur
1257 1289 1469 1337 crepundia,
1495 1289 1611 1326 veluti
1637 1289 1792 1326 ensiculi
1817 1289 1919 1325 aurei
1934 1288 2116 1335 clipeique
2141 1282 2265 1325 arma-

147 1369 221 1406 que
260 1356 410 1395 cmnino
449 1368 647 1405 puerorum
685 1357 927 1405 ingenuorum
965 1354 1298 1407 ἄναγνωρῖσματα.
1346 1358 1436 1404 (Cic.
1478 1357 1580 1398 Brut.
1607 1358 1682 1405 91).
1723 1356 1804 1394 Iam
1835 1368 1902 1405 per
1927 1368 1967 1394 se
1991 1359 2095 1404 patet
2127 1369 2162 1395 V.
2193 1358 2261 1394 131

150 1427 306 1466 lectioni
331 1425 461 1465 ‘arma’
488 1425 609 1465 locum
636 1438 743 1464 suum
770 1426 907 1464 iustum
934 1426 1016 1465 dari
1042 1426 1190 1476 debere,
1215 1439 1311 1476 quae
1338 1428 1448 1466 lectio
1472 1427 1658 1466 immerito
1684 1425 1903 1465 Marklando
1935 1429 2084 1464 auctore
2122 1425 2265 1464 coniec-

147 1501 234 1537 tura
260 1495 448 1546 superflua
472 1495 581 1534 ‘aera‘
607 1509 631 1535 a
657 1496 884 1535 Baehrensio
922 1496 960 1534 in
999 1499 1142 1535 textum
1168 1500 1317 1546 recepta
1343 1501 1412 1539 est.
1473 1497 1587 1535 Totus
1624 1497 1752 1546 igitur,
1790 1496 1837 1534 de
1874 1508 1947 1545 quo
1984 1497 2120 1545 agitur,
2159 1495 2264 1533 locus

148 1567 331 1618 legendus
356 1571 416 1606 est
438 1567 503 1605 sic:

615 1635 877 1674 Monstrabunt
904 1636 1003 1674 acies
1027 1634 1175 1676 Mavors
1201 1636 1414 1684 Actaeaque
1440 1636 1544 1684 virgo

611 1695 778 1733 Flectere
804 1695 936 1734 Castor
961 1707 1089 1743 equos,
1115 1694 1279 1732 humeris
1305 1698 1462 1743 quatere
1487 1707 1593 1734 arma
1618 1695 1805 1741 Quirinus,

614 1755 685 1801 Qui
709 1754 780 1793 tibi
805 1754 899 1793 iam
924 1757 1054 1793 tenero
1080 1754 1251 1803 permisit
1276 1754 1454 1803 plaudere
1482 1754 1578 1794 collo

529 1820 599 1853 130
626 1815 841 1864 Nubigenas
866 1815 1004 1862 clipeos
1031 1814 1247 1861 intactaque
1272 1813 1449 1851 caedibus
1473 1826 1609 1853 arma.

318 1884 425 1931 Quod
450 1884 490 1923 in
517 1884 634 1933 patris
659 1883 824 1922 defuncti
851 1875 1036 1921 honorem*
1054 1883 1196 1920 Statius
1219 1883 1428 1931 composuit
1451 1883 1643 1931 epicedion
1662 1884 1692 1921 V
1720 1888 1752 1928 3,
1778 1882 1817 1920 id
1842 1894 2066 1930 quamquam
2092 1884 2261 1919 aetatem

144 1955 233 1994 tulit
257 1958 381 1993 tamen
408 1953 607 1994 dolendum
633 1952 734 2003 quod
759 1955 816 1991 tot
841 1952 1029 2001 tantisque
1056 1950 1199 1989 mendis
1212 1951 1505 2000 corruptelisque
1529 1951 1763 2001 inquinatum
1789 1963 1827 1990 se
1852 1950 1972 1990 offert.
2013 1950 2121 1996 Quod
2133 1952 2262 1988 autem

144 2025 182 2062 in
208 2025 335 2062 omnia
359 2023 469 2061 Statii
495 2022 597 2060 cadit
621 2023 788 2059 carmina
813 2026 856 2059 ut
879 2025 946 2059 aut
958 2025 1114 2070 propter
1139 2021 1286 2058 dicendi
1305 2020 1607 2058 consuetudinem
1621 2022 1814 2059 obscuram
1838 2023 1908 2057 aut
1933 2023 2087 2069 propter
2110 2021 2263 2056 senten·

142 2095 218 2133 tiae
232 2093 483 2133 condicionem
498 2105 629 2142 parum
644 2092 847 2141 dispectum
863 2092 986 2129 nimiis
999 2090 1284 2129 difficultatibus
1298 2091 1375 2129 sint
1388 2091 1556 2138 obnoxia,
1580 2091 1678 2128 idem
1705 2090 1751 2128 de
1777 2090 1856 2136 hoc,
1881 2089 1927 2126 de
1945 2101 2019 2138 quo
2037 2088 2265 2138 disputaturi

141 2176 282 2210 sumus,
315 2164 478 2203 carmine
503 2162 620 2200 multo
646 2161 746 2200 valet
772 2162 885 2200 etiam
913 2161 1039 2210 magis.
1082 2160 1184 2206 Quae
1210 2172 1295 2199 cum
1320 2161 1375 2199 ita
1399 2161 1485 2207 sint,
1509 2161 1548 2198 in
1573 2160 1695 2198 animo
1721 2158 1830 2197 nobis
1856 2162 1914 2196 est
1950 2157 1997 2196 de
2022 2160 2201 2207 quattuor
2226 2161 2266 2196 et

138 2234 372 2285 corruptelae
399 2233 544 2282 origine
570 2236 610 2270 et
634 2231 802 2270 medelae
826 2232 886 2269 via
918 2242 962 2268 ac
999 2229 1144 2268 ratione
1182 2229 1388 2278 insignibus
1427 2229 1519 2268 locis
1556 2229 1842 2279 disputationem
1880 2228 2087 2266 instituere.
2137 2227 2264 2276 Atque

142 2307 186 2343 ut
210 2303 385 2342 carminis
409 2302 513 2341 filum
539 2313 749 2352 sequamur,
774 2301 861 2339 inde
888 2312 912 2338 a
936 2312 972 2339 v.
1000 2303 1046 2338 33
1072 2298 1326 2349 proficiscatur
1351 2298 1567 2349 disputatio.
1593 2299 1743 2348 Legitur
1766 2298 1819 2336 ibi
1846 2297 1954 2346 vulgo
1979 2296 2050 2335 sic:

1199 2366 1273 2407 Vix
1298 2368 1394 2407 haec
1422 2369 1461 2406 in
1489 2380 1642 2407 munera
1665 2368 1767 2407 solvo

615 2441 777 2481 Primum
802 2440 965 2479 animum
992 2439 1265 2488 tacitisque
1290 2439 1402 2478 situm
1427 2438 1611 2488 depellere
1636 2437 1764 2477 curis

546 2506 591 2541 35
619 2501 725 2540 Nunc
750 2501 863 2540 etiam
888 2500 1041 2539 labente
1068 2511 1182 2538 manu
1208 2511 1276 2538 nec
1301 2499 1440 2538 lumine
1466 2499 1562 2538 sicco

617 2561 753 2599 Ordior
778 2560 930 2599 acclinis
954 2558 1115 2603 tumulo,
1140 2569 1214 2608 quo
1239 2558 1353 2596 molle
1378 2558 1538 2608 quiescis

619 2621 757 2672 Jugera
782 2625 909 2660 nostra
933 2624 1078 2665 tenens,
1103 2620 1169 2658 ubi
1193 2622 1279 2669 post
1304 2619 1443 2657 Aeneia
1466 2617 1546 2656 fata

621 2681 805 2722 stellatus
829 2681 947 2721 Latiis
971 2678 1127 2731 ingessit
1152 2679 1340 2719 montibus
1366 2678 1497 2717 Albam

622 2743 812 2789 Ascanius,
839 2742 996 2792 Phrygio
1021 2741 1109 2778 dum
1136 2740 1293 2791 pingues
1318 2738 1497 2787 sanguine
1521 2747 1669 2788 campos

554 2808 601 2846 40
629 2803 719 2843 Odit
745 2807 783 2842 et
809 2802 995 2843 infaustae
1021 2802 1173 2852 regnum
1200 2799 1326 2840 dotale
1354 2809 1542 2837 novercae.
