2439 3130
1091 160 1147 169 -
1213 126 1238 179 7
1301 161 1356 170 ..-

637 254 791 295 Mitibus
816 255 982 303 exequiis
1006 254 1096 293 ades
1122 257 1161 292 et
1184 254 1347 304 lugentis
1371 255 1520 294 Etrusci

634 315 752 353 Cerne
778 314 859 364 pios
882 313 992 353 fletus
1017 312 1311 363 laudataque
1335 313 1479 354 lumina
1503 316 1619 365 terge.

167 386 344 425 Claudius
369 387 544 426 Etruscus
570 395 636 432 pro
661 395 707 421 ea
730 395 828 432 quae
852 384 887 421 ei
912 386 994 421 erat
1016 395 1100 420 cum
1125 383 1246 420 Statio
1269 382 1524 421 familiaritate
1548 382 1658 421 facile
1684 394 1708 420 a
1736 384 1855 430 poeta
1887 382 2110 431 impetravit,
2147 386 2192 421 ut
2216 393 2283 431 pa·

169 455 237 493 tris
264 455 411 501 mortui,
436 452 584 492 Claudii
609 452 754 489 Etrusci
788 452 948 497 maioris,
972 450 1110 489 Tiberii
1146 445 1382 499 imperatoris
1419 450 1543 489 liberti
1580 451 1759 499 deinceps
1797 451 1849 488 ad
1886 462 2048 489 summos
2087 451 2281 501 dignit-ti·

167 523 302 572 gradus
327 522 499 573 provecti,
521 522 597 560 iam
621 521 721 559 enim
738 520 884 559 Nerone
908 522 1132 569 imperatore
1147 519 1269 558 factus
1286 523 1368 558 erat
1384 524 1602 569 procurator
1628 532 1653 558 a
1669 519 1889 565 rationibus,
1914 520 2111 558 exsisteret
2134 532 2281 569 praeco.

170 592 309 631 Morem
333 592 449 642 igitur
472 590 570 641 gerit
593 589 757 628 libenter
780 590 900 629 amico
925 591 1038 639 poeta
1062 588 1255 638 filiumque
1288 588 1514 635 consolatur,
1552 588 1670 638 quod.
1690 587 1780 627 talis
1818 589 1987 637 tantique
2024 589 2093 626 viri
2126 593 2283 628 mortem

168 661 298 710 lugeat
321 660 496 706 lacrimis,
521 658 621 707 quod
645 658 917 696 amarissimum
942 658 1003 703 sit,
1028 657 1166 696 veris.
1193 658 1265 706 (ep.
1289 650 1377 705 ΠΙ.)
1424 656 1639 695 Lectionem
1680 656 1936 705 ‘laudataque'
1961 668 1995 694 v·
2021 661 2054 695 7.
2081 656 2171 695 ferri
2209 669 2283 696 uon

168 739 275 779 posse
301 730 340 768 in
366 727 565 779 propatulo
591 730 659 766 est.
710 727 797 765 Sine
822 726 935 765 dubio
960 725 1219 776 corrigendum
1244 725 1564 774 ‘foedataque
1589 726 1733 764 lumina
1757 726 1873 775 terge'
1898 725 2037 763 collato
2060 739 2092 763 v.
2114 730 2195 771 180,
2219 726 2285 764 ubi

169 798 215 838 de
240 798 370 838 eodem
398 798 553 836 Etrusco
592 795 748 835 dicitur:
776 796 890 835 “Punc
914 796 1075 834 immane
1113 807 1261 845 gemens
1285 783 1609 844 foedatusque
1655 807 1723 834 ora
1752 797 1924 844 tepentes
1949 794 2094 834 Affatur
2125 795 2288 834 cinere&-

168 869 212 907 In
236 868 399 907 eiusdem
424 866 599 906 carminis
622 879 658 905 v.
684 870 730 904 23
756 865 863 915 fingit
889 868 1001 915 poeta
1025 865 1173 904 Etrusci
1200 864 1365 904 defuncti
1391 864 1566 903 umbram
1590 865 1665 903 iam
1692 865 1887 903 Tartarum
1912 864 2133 902 subeuntem
2169 864 2287 902 eonti-

168 940 332 987 nuatque
356 934 646 975 consolationem
671 933 746 972 sic:

639 1004 816 1040 Exultent
842 1003 981 1052 placidi
1006 1003 1171 1041 Lethaea
1196 1002 1246 1040 ad
1270 1002 1426 1040 flumina
1450 1012 1591 1049 manes,

636 1062 782 1111 Elysiae
807 1061 966 1111 gaudete
990 1061 1141 1109 domus3
1169 1060 1257 1099 date
1283 1065 1385 1099 serta
1410 1074 1476 1110 per
1500 1074 1586 1101 aras

632 1122 815 1171 Festaque
841 1120 1024 1171 pallentes
1049 1120 1215 1159 hilarent
1238 1119 1378 1160 altaria
1401 1120 1529 1160 lucos:

569 1185 616 1218 25
644 1180 749 1217 Felix
773 1184 821 1218 et
845 1180 1000 1217 nimium
1024 1179 1116 1217 felix
1142 1180 1363 1228 plorataque
1389 1183 1478 1218 nato

641 1240 781 1278 Umbra
804 1240 918 1278 venit.
1251 1248 1254 1252 ’

179 1311 433 1361 Corruptelam
458 1311 518 1349 ‘et’
545 1322 642 1359 quae
668 1322 701 1351 v.
728 1312 774 1348 25
803 1311 861 1347 est
885 1308 993 1347 obvia
1020 1307 1216 1347 Beutleius
1230 1308 1284 1355 ‘0’,
1308 1307 1554 1347 Baehrensius
1573 1309 1617 1347 ‘a’
1644 1308 1963 1348 interiectionibus
1977 1310 2126 1348 insertis
2150 1309 2283 1349 tollere

172 1384 260 1420 sunt
283 1380 418 1420 conati.
469 1381 518 1418 At
542 1391 601 1418 me
626 1378 776 1428 quidem
803 1377 924 1416 iudice
951 1389 1018 1426 pro
1043 1376 1104 1415 ‘et'
1130 1377 1162 1416 si
1187 1377 1378 1427 scripseris
1402 1377 1485 1426 ‘en’‚
1509 1381 1549 1417 et
1572 1378 1725 1428 propius
1749 1378 1799 1417 ad
1836 1378 1944 1418 codd.
1982 1380 2136 1428 vestigia
2160 1393 2282 1420 acces·

172 1452 264 1489 seris
289 1454 328 1489 et
353 1451 476 1488 sensui
504 1450 598 1488 bene
623 1448 865 1492 consulueris,
890 1447 1073 1496 siquidem
1099 1450 1208 1485 vates
1232 1447 1418 1497 pathetice
1445 1468 1488 1477 —
1516 1448 1568 1486 sit
1590 1449 1697 1486 venia
1724 1447 1835 1486 verbo
1861 1470 1910 1476 —
1933 1449 2100 1488 umbram
2131 1449 2283 1488 venien·

173 1523 249 1558 tem
278 1530 428 1557 cernere
454 1522 568 1567 atque
592 1517 801 1567 significare
826 1517 899 1555 sibi
924 1516 1081 1556 videtur.

347 1588 389 1628 V.
417 1590 464 1627 70
489 1599 596 1638 seqq.
621 1586 728 1626 codd.
754 1586 866 1624 lectio
891 1585 984 1624 haec
1009 1588 1084 1625 est:

694 1646 790 1684 Hinc
814 1648 853 1683 et
876 1646 916 1683 iu
943 1647 1096 1684 Arctoas
1123 1645 1247 1684 tenuis
1271 1657 1394 1684 comes
1418 1657 1537 1695 usqne
1561 1645 1714 1696 pruinas

701 1704 919 1743 Terribilem
944 1703 1061 1742 affatu
1086 1717 1217 1753 passus
1241 1705 1395 1754 visuque
1421 1708 1621 1755 tyrannum

698 1764 974 1814 Immanemque
998 1764 1113 1812 suis,
1139 1767 1183 1804 ut
1207 1766 1272 1814 qni
1298 1765 1498 1805 metuenda
1522 1765 1685 1806 ferarum

697 1825 817 1862 Corda
842 1824 995 1862 domant
1019 1836 1232 1873 mersasque
1256 1824 1388 1863 iubent
1411 1826 1487 1863 iam
1511 1826 1692 1875 sanguine
1716 1828 1818 1865 tacto

630 1889 675 1925 ⁷5
702 1883 872 1923 Reddere
896 1884 945 1922 ab
971 1896 1034 1923 ore
1059 1896 1192 1922 manus
1215 1887 1256 1922 et
1279 1883 1385 1923 nulla
1407 1885 1528 1924 vivere
1553 1885 1703 1934 praeda.

700 1945 919 1995 Praecipuos
943 1944 1010 1984 sed
1034 1944 1133 1983 enim
1159 1944 1292 1984 merito
1316 1944 1478 1984 surrexit
1501 1944 1541 1983 in
1565 1947 1705 1984 artus

702 2004 873 2043 Nondum
899 2004 1129 2053 stelligerum
1154 2005 1278 2042 senior
1302 2003 1477 2041 dimissus
1501 2004 1541 2041 in
1565 2016 1674 2042 axem

696 2062 871 2103 Claudius
895 2066 935 2103 et
958 2062 1067 2112 longo
1091 2062 1299 2103 transmisit
1322 2063 1459 2102 habere
1484 2063 1631 2103 Neroni.

169 2149 314 2190 Laudat
338 2150 396 2190 his
420 2152 584 2191 versibus
610 2155 721 2202 poeta
746 2150 954 2198 Etruscum,
993 2150 1094 2200 quod
1129 2163 1213 2191 cum
1238 2151 1444 2202 Caligulam
1483 2152 1606 2191 tenuis
1630 2165 1753 2192 comes
1779 2153 1819 2191 in
1846 2153 2005 2192 Galliam
2030 2156 2182 2191 secutus
2217 2153 2282 2192 sit’

168 2220 374 2258 terribilem
399 2220 514 2259 affatu
538 2222 692 2272 visuque
717 2225 916 2272 tyrannum
955 2221 1084 2259 eadem
1109 2221 1277 2260 sollertia
1304 2221 1531 2267 tractaverit,
1569 2234 1646 2272 qua
1684 2222 1848 2262 ferarum
1887 2221 2085 2262 domitores
2110 2225 2283 2269 utuntur,

168 2289 233 2338 qui
258 2301 482 2338 quamquam
509 2303 640 2329 manus
666 2295 839 2329 cruentas
864 2291 1033 2329 faucibus
1057 2291 1220 2330 ferarum
1258 2291 1503 2339 immiserunt,
1544 2303 1671 2331 morsu
1696 2293 1860 2332 intactas
1886 2291 2080 2331 retrahunt
2104 2291 2279 2342 laedique

168 2362 305 2398 vetant.
356 2358 566 2398 Lectionem
604 2361 888 2410 ‘immanemque
926 2360 1014 2399 suis’
1039 2366 1252 2412 corruptam
1277 2374 1358 2400 esse
1383 2362 1504 2411 primo
1529 2365 1684 2412 aspectu
1709 2365 1825 2412 patet.
1879 2361 2038 2400 Verbum
2063 2361 2211 2400 finitum
2236 2365 2280 2401 ut

168 2427 398 2474 restituatur,
425 2432 464 2467 et
487 2442 617 2469 sensus
642 2430 827 2480 efflagitat
851 2433 890 2469 et
913 2430 1146 2480 corruptelae
1184 2431 1342 2480 vestigia
1380 2430 1557 2471 indicant.
1611 2431 1739 2480 Neque
1776 2443 1861 2469 vero
1902 2430 2005 2480 quod
2031 2430 2281 2471 Baehreusius

168 2496 337 2544 coniecit,
363 2497 428 2547 qui
444 2508 512 2546 pro
538 2499 637 2539 ‘suis'
664 2499 881 2539 ‘emollio'
907 2503 1135 2540 commentus
1152 2503 1221 2548 est,
1245 2501 1423 2551 cuiquam
1440 2500 1670 2550 probabitur.
1719 2500 1982 2550 Corrigendum
2009 2505 2068 2539 est
2084 2512 2152 2550 pro
2180 2500 2281 2541 ‘suis’

175 2564 300 2606 ‘subis'
326 2565 613 2619 legendumque:

695 2638 912 2680 Terribilem
936 2639 1056 2680 affatu
1081 2651 1215 2691 passus
1238 2639 1392 2691 visuque
1417 2642 1613 2692 tyranuum

697 2700 972 2750 Immanemque
997 2712 1016 2739 s
1031 2700 1155 2746 ubis,
1178 2703 1225 2740 ut
1248 2700 1313 2750 qui
1338 2698 1535 2739 metuenda
1559 2698 1721 2737 ferarum

694 2759 816 2801 Corda
840 2759 994 2802 domant
1021 2788 1032 2801 .
1059 2790 1068 2802 .
1098 2791 1107 2803 .

341 2822 418 2867 Iam
446 2829 631 2882 sententia
656 2830 756 2872 omni
782 2842 827 2871 ex
853 2833 958 2883 parte
985 2805 1188 2883 perspicua.
1228 2830 1389 2871 Subiit
1404 2828 1580 2871 Etruscus
1605 2825 1811 2881 Caligulam
1841 2830 2040 2884 tyrannum
2067 2834 2110 2872 ut
2137 2829 2202 2884 qui
2230 2827 2282 2873 fe·
