2439 3130
1104 126 1170 137 ·—
1228 102 1288 148 13
1351 129 1404 137 —

372 228 416 265 In
440 225 573 265 eodem
596 221 760 260 carmine
784 221 871 259 inde
894 233 929 260 a.
956 234 987 259 v.
1018 226 1085 258 146
1112 221 1279 269 loquitur
1303 221 1444 258 Statius
1470 221 1516 257 de
1550 221 1670 268 poetis
1708 218 1935 265 poetriisque
1960 219 2131 267 Graecis,
2169 217 2305 266 quibas

199 295 429 348 explicandis
454 303 605 344 operam
631 288 777 329 dederit
801 292 921 339 pater.
973 289 1110 329 Versus
1136 291 1224 329 sunt
1248 289 1307 329 hi:

667 388 762 426 Hinc
788 387 858 425 tibi
882 390 967 426 vota
993 391 1142 441 patrum
1166 388 1269 427 credi
1293 400 1545 437 generosaque
1571 388 1686 437 pubes

656 447 719 483 ·Te
745 446 927 483 monitore
953 447 1032 494 regi
1058 458 1251 494 moresque
1278 449 1317 483 et
1341 446 1441 483 facta
1465 448 1629 494 priorum

668 505 829 550 Discere,
855 506 938 554 quis
963 516 1070 544 casus
1095 505 1239 552 Troiae,
1263 518 1375 555 quam
1402 505 1532 544 tardus
1557 506 1696 554 Ulixes,

670 566 837 610 Quantus
861 576 977 613 equos
1001 576 1217 613 pugnasque
1243 565 1363 602 virum
1388 564 1586 604 decurrere
1610 577 1719 603 versu

576 626 646 662 150
672 622 885 661 Maeonides
910 627 1164 673 quantumque
1188 624 1269 672 pios
1295 623 1425 661 ditarit
1449 628 1613 672 agrestes

674 685 854 721 Ascraeus
879 682 1098 731 Siculusque
1124 695 1249 727 senex,
1274 695 1351 731 qua
1376 683 1457 732 lege
1481 687 1648 721 recurrat

670 741 886 779 Pindaricae
912 752 983 778 vox
1006 739 1104 780 flexa
1129 740 1233 791 lyrae
1257 740 1519 791 volucrumque
1545 744 1716 791 precator

670 801 801 849 Ibycus
827 804 866 837 et
889 800 1033 837 tetricis
1060 800 1219 837 Alcman·
1237 802 1410 837 cantatus
1434 799 1598 850 Amyclis

670 859 976 907 Stesichorusque
1002 858 1108 896 ferox
1132 859 1385 908 saltusque
1410 859 1575 908 ingressa
1599 861 1723 899 viriles

563 922 646 956 -155
674 919 757 956 Non
783 917 982 956 formidata
1006 918 1205 955 temeraria
1228 918 1397 956 Leucade
1422 917 1580 967 Sappho,
1704 969 1707 971 v

668 978 840 1026 Quosque
864 976 958 1015 alios
983 976 1138 1026 dignata
1161 977 1308 1027 chelys:
1336 977 1389 1016 Tu
1414 977 1578 1026 pandere
1603 979 1732 1017 doctus

667 1037 840 1075 Carmina
864 1035 1060 1074 Battiadae
1085 1035 1322 1087 latebrasque
1348 1036 1594 1087 Lycophronis
1619 1037 1717 1076 atri

671 1096 936 1145 Sophronaque
961 1095 1185 1143 implicitum
1212 1096 1409 1144 tenuisque
1434 1108 1570 1134 arcana
1595 1095 1787 1135 Corinnae.

378 1187 588 1226 Lectionem
614 1184 842 1233 ‘saltusque’,
869 1196 951 1222 cum
978 1197 1051 1222 non
1091 1188 1190 1223 esset
1225 1184 1389 1231 ferenda,
1427 1186 1500 1223 iam
1528 1185 1771 1223 Marklandus
1811 1186 1944 1223 merito
1982 1185 2021 1222 in
2060 1184 2307 1234 suspicionem

197 1258 340 1298 ocavit.
367 1294 371 1298 ,
395 1257 523 1307 Neque
548 1267 634 1295 vero
666 1253 766 1304 quod
792 1253 872 1303 ipse
897 1254 1088 1303 proposuit
1112 1254 1282 1303 cuiquam
1301 1253 1520 1303 probabitur
1543 1257 1730 1304 ‘actusque
1749 1255 1906 1304 egressa'
1931 1258 2060 1304 utpote
2077 1254 2304 1304 languidum.

199 1328 323 1364 Notae
350 1329 437 1363 sunt
462 1326 510 1362 de
549 1324 698 1373 Sappho
724 1323 872 1371 poetria
897 1322 1045 1360 fabulae
1071 1326 1237 1361 veterum
1262 1323 1461 1361 comoediis
1498 1323 1746 1372 pervulgatae.
1796 1323 1886 1361 Inde
1921 1326 1960 1361 et
1984 1323 2082 1372 apud
2106 1323 2200 1362 alios
2237 1334 2308 1372 poe

201 1397 262 1432 tas
287 1397 326 1432 et
351 1394 448 1443 apud
474 1393 669 1432 Horatium
695 1404 897 1441 cognomen
923 1393 1039 1430 traxit
1063 1392 1269 1438 ‘mascula';
1311 1392 1356 1431 cf.
1384 1404 1440 1440 ep.
1471 1396 1502 1437 1,
1535 1397 1588 1437 19,
1616 1395 1674 1431 28.
1714 1392 1836 1437 Quare
1865 1404 1942 1430 non
1967 1392 2046 1429 sine
2071 1392 2197 1440 aliqua
2222 1404 2308 1441 pro-

203 1462 402 1501 babilitate
433 1462 615 1512 suspicari
641 1461 747 1500 nobis
773 1461 992 1506 videbimur,
1017 1462 1168 1499 subesse
1193 1461 1425 1510 corruptelae
1450 1462 1721 1499 substantivum
1749 1460 1867 1498 falsae
1901 1461 1986 1498 huic
2011 1460 2191 1509 fictaeque
2216 1462 2308 1509 Sap·

200 1530 294 1580 phus
322 1532 485 1580 poetriae
511 1531 730 1581 proprietati
756 1529 992 1579 respondens.
1034 1528 1163 1578 Neque
1187 1542 1273 1568 vero
1299 1531 1389 1579 quid
1414 1530 1464 1568 sit
1489 1528 1752 1579 reponendum,
1780 1529 1845 1567 diu
1871 1528 2111 1578 quaesiveris.
2159 1528 2306 1567 Etenim

160 1627 166 1631 .
199 1599 360 1637 indolem
374 1600 577 1638 Statianam
602 1600 738 1649 siquid
763 1599 878 1648 sapio,
904 1611 971 1647 pro
997 1599 1134 1637 ‘saltus’
1158 1599 1369 1648 corruptela
1394 1599 1669 1637 restituendum
1694 1597 1842 1644 ⁶fnstus’,
1877 1609 1974 1646 quae
1999 1609 2069 1636 vox
2094 1601 2132 1635 et
2156 1597 2307 1646 palaeo-

199 1668 375 1717 graphiae
400 1669 605 1708 rationibus
630 1669 768 1718 optime
793 1668 948 1707 inservit
973 1671 1012 1706 et
1037 1680 1167 1706 sensus
1205 1667 1394 1717 elegantia
1431 1679 1652 1717 magnopere
1690 1667 1981 1708 commendatur.
2033 1668 2137 1712 Quae
2174 1666 2306 1707 eadem

198 1736 376 1774 vocabula
400 1749 472 1774 non
498 1749 686 1786 nunqnam
714 1739 752 1775 in
777 1737 965 1775 codicibus
990 1736 1143 1774 confusa
1169 1747 1262 1782 esse,
1286 1736 1318 1773 si
1346 1736 1430 1784 quis
1455 1736 1494 1773 in
1519 1735 1743 1774 membranis
1781 1734 1990 1775 scrutandis
2029 1738 2087 1774 est
2124 1738 2304 1780 versatus,

133 1804 136 1806 ’
200 1804 349 1842 minime
374 1806 532 1853 negabit.
581 1806 687 1851 Quod
711 1807 825 1855 igitur
850 1806 896 1843 de
923 1806 1086 1842 mascula
1111 1804 1260 1853 Sappho
1286 1802 1506 1853 simpliciter
1531 1804 1627 1842 dixit
1656 1805 1844 1853 Horatius,
1869 1805 1966 1841 idem
1988 1804 2100 1842 solita
2113 1804 2306 1842 verborum

198 1883 332 1922 pompa
357 1885 444 1912 usus
468 1875 696 1914 renunciavit
721 1875 862 1914 Statius
888 1874 1009 1913 verbis
1034 1873 1203 1912 ‘fastus
1227 1873 1393 1922 ingressa
1418 1874 1611 1913 viriles’.
1655 1874 1737 1912 Non
1764 1874 2134 1923 praetermittendum
2162 1873 2309 1911 videtur

201 1952 248 1978 ne
272 1940 312 1979 id
337 1942 485 1991 quidem
510 1943 774 1983 Baehrensium
802 1944 915 1982 nimio
940 1941 1173 1982 coniectandi
1198 1941 1321 1982 studio
1346 1942 1546 1992 pellectum
1572 1943 1679 1985 codd,
1705 1944 1900 1983 lectionem
1939 1943 2197 1994 ‘Lycophronis
2224 1940 2309 1981 atri'

201 2014 363 2048 mutasse
388 2012 427 2048 in
451 2012 709 2062 ‘Lycophronis
734 2014 827 2060 arti’,
853 2003 1072 2061 qui'parum
1110 2013 1315 2060 respexerit
1339 2013 1571 2061 Lycophroni
1609 2017 1760 2062 propter
1797 2014 1975 2052 sermonis
2015 2013 2304 2063 fabularumque

199 2078 332 2117 nimias
357 2079 528 2120 tenebras
554 2082 781 2131 cognominis
806 2082 926 2120 instar
950 2082 1052 2120 ‘ater'
1082 2081 1240 2120 inditum
1280 2094 1361 2120 esse
1400 2083 1601 2130 epitheton.
1654 2082 1708 2122 Cf.
1749 2095 1838 2132 prae
1863 2083 1997 2121 ceteris
2030 2081 2166 2121 Suidae
2208 2094 2245 2120 s.
2271 2094 2305 2121 v.

203 2144 441 2197 ‘Lycophron’
466 2149 511 2189 de
537 2150 792 2202 ‘Koeccdvdpoe'
817 2153 989 2201 poemate
1014 2150 1289 2189 testimonium:
1314 2148 1531 2189 *Σκοτεινόν
1554 2152 1726 2203 ποίημα)

379 2237 518 2285 Restat,
542 2241 585 2276 ut
609 2239 655 2277 de
681 2240 845 2278 eiusdem
871 2239 957 2278 libri
983 2240 1196 2289 corruptela
1221 2240 1453 2279 memorabili
1478 2240 1719 2290 disputemus,
1745 2253 1841 2290 quae
1868 2240 1906 2279 in
1932 2240 2105 2280 carminis
2143 2239 2308 2279 omnium

200 2304 355 2341 extremi
380 2307 561 2353 reperitur
585 2321 618 2347 v.
644 2313 703 2347 38.
730 2309 972 2346 Lamentatur
997 2313 1117 2357 poeta,
1142 2309 1242 2358 quod
1267 2313 1384 2347 morte
1412 2312 1515 2358 pueri
1542 2310 1692 2349 delicati
1717 2312 1769 2348 ita
1788 2310 2032 2360 sit‘afflictus,
2057 2314 2100 2348 ut
2124 2310 2190 2359 qui
2215 2309 2310 2354 alios

200 2371 425 2411 carminibus
450 2372 666 2424 lugubribus
691 2377 874 2416 consolari
900 2378 1072 2427 potuerit,
1098 2378 1169 2416 sibi
1194 2378 1273 2426 ipse
1299 2377 1494 2418 subvenire
1524 2391 1595 2417 non
1623 2381 1750 2429 possit,
1775 2392 1857 2418 cum
1883 2381 1984 2419 vires
2022 2380 2138 2418 nimio
2178 2379 2309 2420 dolore

205 2437 391 2480 deficiant.
443 2441 564 2482 Verba
589 2449 676 2485 sunt
700 2445 811 2486 haec:

673 2533 742 2578 llle
768 2550 836 2590 ego
861 2534 925 2589 qui
951 2533 1174 2590 (quotiensl)
1201 2534 1374 2580 blando
1400 2540 1635 2593 matrumque
1660 2542 1879 2592 patrumque

671 2598 847 2644 Vulnera,
871 2600 936 2648 qui
961 2600 1092 2638 viduos
1116 2601 1221 2649 potui
1246 2600 1410 2639 mulcere
1436 2602 1595 2647 dolores,

599 2662 646 2698 40
673 2658 742 2698 Ille
768 2671 835 2709 ego
860 2658 1052 2709 lugentum
1078 2659 1179 2698 mitis
1204 2658 1356 2707 solator,
1381 2662 1524 2700 acerbis

674 2717 833 2758 Auditus
858 2718 1011 2758 tumulis
1037 2721 1077 2757 et
1100 2718 1410 2760 descendentibus
1438 2721 1589 2768 umbris,

673 2776 811 2820 Deficio
837 2806 847 2821 .
875 2806 884 2822 .
912 2805 921 2822 .
949 2805 958 2818 ·
