<?xml version="1.0" encoding="UTF-8"?>
<!DOCTYPE html PUBLIC "-//W3C//DTD XHTML 1.0 Transitional//EN"
    "http://www.w3.org/TR/xhtml1/DTD/xhtml1-transitional.dtd">
<html xmlns="http://www.w3.org/1999/xhtml" xml:lang="en" lang="en">
 <head>
  <title>
</title>
<meta http-equiv="Content-Type" content="text/html;charset=utf-8" />
  <meta name='ocr-system' content='tesseract 3.04.00' />
  <meta name='ocr-capabilities' content='ocr_page ocr_carea ocr_par ocr_line ocrx_word'/>
</head>
<body>
  <div class='ocr_page' id='page_1' title='image "4769605_0009.png"; bbox 0 0 2439 3130; ppageno 0'>
   <div class='ocr_carea' id='block_1_1' title="bbox 130 773 1425 855">
    <p class='ocr_par' dir='ltr' id='par_1_1' title="bbox 130 773 1425 855">
     <span class='ocr_line' id='line_1_1' title="bbox 130 773 1425 855; baseline 0.001 -12"><span class='ocrx_word' id='word_1_1' title='bbox 130 773 184 843; x_wconf 85' lang='lat' dir='ltr'>In</span> <span class='ocrx_word' id='word_1_2' title='bbox 210 804 321 844; x_wconf 85' lang='lat' dir='ltr'>Statii</span> <span class='ocrx_word' id='word_1_3' title='bbox 344 805 424 846; x_wconf 89' lang='lat' dir='ltr'>silv.</span> <span class='ocrx_word' id='word_1_4' title='bbox 450 805 475 843; x_wconf 92' lang='lat'>1.</span> <span class='ocrx_word' id='word_1_5' title='bbox 503 804 519 842; x_wconf 91' lang='lat' dir='ltr'>l</span> <span class='ocrx_word' id='word_1_6' title='bbox 545 803 612 843; x_wconf 86' lang='lat' dir='ltr'>ecl.</span> <span class='ocrx_word' id='word_1_7' title='bbox 639 809 672 842; x_wconf 83' lang='lat'>2.</span> <span class='ocrx_word' id='word_1_8' title='bbox 700 817 732 842; x_wconf 87' lang='lat' dir='ltr'>v.</span> <span class='ocrx_word' id='word_1_9' title='bbox 760 807 830 842; x_wconf 79' lang='lat'>252</span> <span class='ocrx_word' id='word_1_10' title='bbox 857 816 959 854; x_wconf 84' lang='lat' dir='ltr'>seqq.</span> <span class='ocrx_word' id='word_1_11' title='bbox 986 804 1095 855; x_wconf 80' lang='lat' dir='ltr'>vulgo</span> <span class='ocrx_word' id='word_1_12' title='bbox 1120 804 1292 854; x_wconf 81' lang='lat' dir='ltr'>leguntur</span> <span class='ocrx_word' id='word_1_13' title='bbox 1315 804 1425 844; x_wconf 85' lang='lat' dir='ltr'>haec:</span> 
     </span>
    </p>
   </div>
   <div class='ocr_carea' id='block_1_2' title="bbox 654 873 1724 1098">
    <p class='ocr_par' dir='ltr' id='par_1_2' title="bbox 654 873 1724 1098">
     <span class='ocr_line' id='line_1_2' title="bbox 888 873 1671 921; baseline 0.003 -11"><span class='ocrx_word' id='word_1_14' title='bbox 888 874 994 911; x_wconf 90' lang='lat' dir='ltr'>Hunc</span> <span class='ocrx_word' id='word_1_15' title='bbox 1017 874 1098 921; x_wconf 89' lang='lat' dir='ltr'>ipse</span> <span class='ocrx_word' id='word_1_16' title='bbox 1122 874 1198 911; x_wconf 86' lang='lat' dir='ltr'>Coo</span> <span class='ocrx_word' id='word_1_17' title='bbox 1223 873 1423 921; x_wconf 77' lang='lat' dir='ltr'><strong>plaudente</strong></span> <span class='ocrx_word' id='word_1_18' title='bbox 1450 874 1671 912; x_wconf 83' lang='lat' dir='ltr'>Philetas</span> 
     </span>
     <span class='ocr_line' id='line_1_3' title="bbox 654 931 1724 981; baseline 0.002 -11"><span class='ocrx_word' id='word_1_19' title='bbox 654 931 975 980; x_wconf 76' lang='lat' dir='ltr'><strong>Callimachusque</strong></span> <span class='ocrx_word' id='word_1_20' title='bbox 1000 943 1115 970; x_wconf 88' lang='lat' dir='ltr'>senex</span> <span class='ocrx_word' id='word_1_21' title='bbox 1142 931 1352 980; x_wconf 81' lang='lat' dir='ltr'>Umbroque</span> <span class='ocrx_word' id='word_1_22' title='bbox 1380 932 1589 981; x_wconf 79' lang='lat' dir='ltr'>Propertius</span> <span class='ocrx_word' id='word_1_23' title='bbox 1614 937 1724 972; x_wconf 88' lang='lat' dir='ltr'>antro</span> 
     </span>
     <span class='ocr_line' id='line_1_4' title="bbox 658 990 1602 1041; baseline 0.001 -12"><span class='ocrx_word' id='word_1_24' title='bbox 658 991 870 1029; x_wconf 78' lang='lat' dir='ltr'>Ambissent</span> <span class='ocrx_word' id='word_1_25' title='bbox 894 990 1046 1039; x_wconf 84' lang='lat' dir='ltr'>laudare</span> <span class='ocrx_word' id='word_1_26' title='bbox 1072 990 1182 1037; x_wconf 82' lang='lat' dir='ltr'>diem,</span> <span class='ocrx_word' id='word_1_27' title='bbox 1210 1001 1277 1028; x_wconf 90' lang='lat' dir='ltr'>nec</span> <span class='ocrx_word' id='word_1_28' title='bbox 1302 991 1423 1029; x_wconf 79' lang='lat' dir='ltr'>tristis</span> <span class='ocrx_word' id='word_1_29' title='bbox 1447 991 1486 1028; x_wconf 89' lang='lat' dir='ltr'>in</span> <span class='ocrx_word' id='word_1_30' title='bbox 1510 992 1602 1041; x_wconf 87' lang='lat' dir='ltr'>ipsis</span> 
     </span>
     <span class='ocr_line' id='line_1_5' title="bbox 660 1049 1585 1098; baseline 0.004 -12"><span class='ocrx_word' id='word_1_31' title='bbox 660 1050 758 1088; x_wconf 86' lang='lat' dir='ltr'>Naso</span> <span class='ocrx_word' id='word_1_32' title='bbox 783 1050 905 1087; x_wconf 87' lang='lat' dir='ltr'>Tomis</span> <span class='ocrx_word' id='word_1_33' title='bbox 931 1049 1105 1098; x_wconf 87' lang='lat' dir='ltr'>divesque</span> <span class='ocrx_word' id='word_1_34' title='bbox 1130 1049 1210 1087; x_wconf 78' lang='lat' dir='ltr'>foco</span> <span class='ocrx_word' id='word_1_35' title='bbox 1236 1050 1380 1088; x_wconf 87' lang='lat' dir='ltr'>lucente</span> <span class='ocrx_word' id='word_1_36' title='bbox 1405 1051 1585 1090; x_wconf 84' lang='lat' dir='ltr'>Tibullus.</span> 
     </span>
    </p>
   </div>
   <div class='ocr_carea' id='block_1_3' title="bbox 116 1118 2236 2513">
    <p class='ocr_par' dir='ltr' id='par_1_3' title="bbox 116 1118 2236 2513">
     <span class='ocr_line' id='line_1_6' title="bbox 131 1118 2235 1167; baseline -0 -8"><span class='ocrx_word' id='word_1_37' title='bbox 131 1119 307 1159; x_wconf 80' lang='lat' dir='ltr'>Celebrat</span> <span class='ocrx_word' id='word_1_38' title='bbox 335 1120 403 1158; x_wconf 89' lang='lat' dir='ltr'>hoc</span> <span class='ocrx_word' id='word_1_39' title='bbox 428 1118 667 1167; x_wconf 83' lang='lat' dir='ltr'>epithalamio</span> <span class='ocrx_word' id='word_1_40' title='bbox 692 1119 833 1156; x_wconf 79' lang='lat' dir='ltr'><strong>Statius</strong></span> <span class='ocrx_word' id='word_1_41' title='bbox 859 1118 897 1155; x_wconf 88' lang='lat' dir='ltr'>L.</span> <span class='ocrx_word' id='word_1_42' title='bbox 926 1118 1091 1156; x_wconf 83' lang='lat' dir='ltr'>Arruntii</span> <span class='ocrx_word' id='word_1_43' title='bbox 1115 1118 1265 1165; x_wconf 75' lang='lat' dir='ltr'>Stellae,</span> <span class='ocrx_word' id='word_1_44' title='bbox 1303 1119 1444 1156; x_wconf 87' lang='lat' dir='ltr'>invenis</span> <span class='ocrx_word' id='word_1_45' title='bbox 1469 1123 1507 1157; x_wconf 89' lang='lat' dir='ltr'>et</span> <span class='ocrx_word' id='word_1_46' title='bbox 1532 1119 1672 1157; x_wconf 82' lang='lat' dir='ltr'>divitiis</span> <span class='ocrx_word' id='word_1_47' title='bbox 1709 1120 2016 1158; x_wconf 72' lang='lat' dir='ltr'>cumulatissimis</span> <span class='ocrx_word' id='word_1_48' title='bbox 2054 1120 2235 1158; x_wconf 77' lang='lat' dir='ltr'>excellen-</span> 
     </span>
     <span class='ocr_line' id='line_1_7' title="bbox 132 1186 2235 1238; baseline 0 -12"><span class='ocrx_word' id='word_1_49' title='bbox 132 1189 183 1226; x_wconf 90' lang='lat' dir='ltr'>tis</span> <span class='ocrx_word' id='word_1_50' title='bbox 209 1192 248 1226; x_wconf 90' lang='lat' dir='ltr'>et</span> <span class='ocrx_word' id='word_1_51' title='bbox 272 1189 406 1238; x_wconf 88' lang='lat' dir='ltr'>poesis,</span> <span class='ocrx_word' id='word_1_52' title='bbox 444 1199 557 1235; x_wconf 88' lang='lat' dir='ltr'>quam</span> <span class='ocrx_word' id='word_1_53' title='bbox 583 1186 878 1236; x_wconf 84' lang='lat' dir='ltr'>amplectebatur</span> <span class='ocrx_word' id='word_1_54' title='bbox 903 1187 1109 1236; x_wconf 78' lang='lat' dir='ltr'>diligenter,</span> <span class='ocrx_word' id='word_1_55' title='bbox 1148 1186 1280 1226; x_wconf 89' lang='lat' dir='ltr'>studiis</span> <span class='ocrx_word' id='word_1_56' title='bbox 1306 1187 1531 1226; x_wconf 89' lang='lat' dir='ltr'>ornatissimi</span> <span class='ocrx_word' id='word_1_57' title='bbox 1556 1187 1706 1236; x_wconf 89' lang='lat' dir='ltr'>nuptias</span> <span class='ocrx_word' id='word_1_58' title='bbox 1743 1199 1828 1225; x_wconf 91' lang='lat' dir='ltr'>cum</span> <span class='ocrx_word' id='word_1_59' title='bbox 1855 1186 2084 1234; x_wconf 77' lang='lat' dir='ltr'>Violantilln,</span> <span class='ocrx_word' id='word_1_60' title='bbox 2122 1199 2235 1238; x_wconf 84' lang='lat' dir='ltr'>quam</span> 
     </span>
     <span class='ocr_line' id='line_1_8' title="bbox 131 1256 2235 1306; baseline -0.001 -9"><span class='ocrx_word' id='word_1_61' title='bbox 131 1258 286 1298; x_wconf 87' lang='lat' dir='ltr'>eandem</span> <span class='ocrx_word' id='word_1_62' title='bbox 315 1256 499 1296; x_wconf 89' lang='lat' dir='ltr'>lanthidis</span> <span class='ocrx_word' id='word_1_63' title='bbox 527 1256 674 1295; x_wconf 89' lang='lat' dir='ltr'>nomine</span> <span class='ocrx_word' id='word_1_64' title='bbox 700 1256 786 1294; x_wconf 83' lang='lat' dir='ltr'>ficto</span> <span class='ocrx_word' id='word_1_65' title='bbox 824 1257 1051 1305; x_wconf 77' lang='lat' dir='ltr'>praedicavit</span> <span class='ocrx_word' id='word_1_66' title='bbox 1076 1256 1269 1295; x_wconf 59' lang='lat' dir='ltr'>Martialis</span> <span class='ocrx_word' id='word_1_67' title='bbox 1329 1258 1524 1295; x_wconf 80' lang='lat' dir='ltr'>Certnrent</span> <span class='ocrx_word' id='word_1_68' title='bbox 1548 1257 1702 1302; x_wconf 85' lang='lat' dir='ltr'>laetitia,</span> <span class='ocrx_word' id='word_1_69' title='bbox 1741 1257 1865 1304; x_wconf 90' lang='lat' dir='ltr'>inquit</span> <span class='ocrx_word' id='word_1_70' title='bbox 1888 1259 2008 1304; x_wconf 62' lang='lat' dir='ltr'>poeta,</span> <span class='ocrx_word' id='word_1_71' title='bbox 2046 1260 2235 1306; x_wconf 81' lang='lat' dir='ltr'>cantuque</span> 
     </span>
     <span class='ocr_line' id='line_1_9' title="bbox 130 1324 2236 1374; baseline 0 -9"><span class='ocrx_word' id='word_1_72' title='bbox 130 1330 319 1365; x_wconf 78' lang='lat' dir='ltr'>sacrarent</span> <span class='ocrx_word' id='word_1_73' title='bbox 346 1325 576 1370; x_wconf 77' lang='lat' dir='ltr'><strong>Callimachi,</strong></span> <span class='ocrx_word' id='word_1_74' title='bbox 603 1325 795 1374; x_wconf 86' lang='lat' dir='ltr'>Propertii,</span> <span class='ocrx_word' id='word_1_75' title='bbox 823 1325 971 1371; x_wconf 89' lang='lat' dir='ltr'><strong>Tibulli,</strong></span> <span class='ocrx_word' id='word_1_76' title='bbox 996 1337 1124 1363; x_wconf 90' lang='lat' dir='ltr'>omnes</span> <span class='ocrx_word' id='word_1_77' title='bbox 1148 1325 1297 1363; x_wconf 90' lang='lat' dir='ltr'>omnino</span> <span class='ocrx_word' id='word_1_78' title='bbox 1315 1328 1447 1374; x_wconf 77' lang='lat' dir='ltr'>poetae</span> <span class='ocrx_word' id='word_1_79' title='bbox 1463 1324 1615 1373; x_wconf 82' lang='lat' dir='ltr'>elegiaci</span> <span class='ocrx_word' id='word_1_80' title='bbox 1632 1324 1731 1362; x_wconf 89' lang='lat' dir='ltr'>diem</span> <span class='ocrx_word' id='word_1_81' title='bbox 1749 1325 1973 1374; x_wconf 72' lang='lat' dir='ltr'>nuptiarum,</span> <span class='ocrx_word' id='word_1_82' title='bbox 1998 1338 2091 1374; x_wconf 81' lang='lat' dir='ltr'>quas</span> <span class='ocrx_word' id='word_1_83' title='bbox 2115 1326 2236 1365; x_wconf 82' lang='lat' dir='ltr'>Stella</span> 
     </span>
     <span class='ocr_line' id='line_1_10' title="bbox 134 1393 2235 1443; baseline 0 -10"><span class='ocrx_word' id='word_1_84' title='bbox 134 1396 296 1440; x_wconf 83' lang='lat' dir='ltr'>molitur,</span> <span class='ocrx_word' id='word_1_85' title='bbox 336 1395 401 1443; x_wconf 90' lang='lat' dir='ltr'>qui</span> <span class='ocrx_word' id='word_1_86' title='bbox 426 1394 524 1432; x_wconf 88' lang='lat' dir='ltr'>idem</span> <span class='ocrx_word' id='word_1_87' title='bbox 552 1395 651 1432; x_wconf 85' lang='lat' dir='ltr'>inter</span> <span class='ocrx_word' id='word_1_88' title='bbox 675 1394 857 1443; x_wconf 79' lang='lat' dir='ltr'>elegiacos</span> <span class='ocrx_word' id='word_1_89' title='bbox 883 1394 1051 1432; x_wconf 87' lang='lat' dir='ltr'>excellat.</span> <span class='ocrx_word' id='word_1_90' title='bbox 1102 1394 1181 1432; x_wconf 82' lang='lat' dir='ltr'>lam</span> <span class='ocrx_word' id='word_1_91' title='bbox 1206 1393 1326 1442; x_wconf 89' lang='lat' dir='ltr'>prima</span> <span class='ocrx_word' id='word_1_92' title='bbox 1350 1394 1472 1431; x_wconf 82' lang='lat' dir='ltr'>fronte</span> <span class='ocrx_word' id='word_1_93' title='bbox 1497 1398 1653 1441; x_wconf 84' lang='lat' dir='ltr'>apparet</span> <span class='ocrx_word' id='word_1_94' title='bbox 1676 1394 1715 1430; x_wconf 88' lang='lat' dir='ltr'>in</span> <span class='ocrx_word' id='word_1_95' title='bbox 1741 1397 1848 1431; x_wconf 88' lang='lat' dir='ltr'>textu</span> <span class='ocrx_word' id='word_1_96' title='bbox 1886 1395 1952 1441; x_wconf 90' lang='lat' dir='ltr'>qui</span> <span class='ocrx_word' id='word_1_97' title='bbox 1992 1394 2128 1432; x_wconf 89' lang='lat' dir='ltr'>dicitur</span> <span class='ocrx_word' id='word_1_98' title='bbox 2152 1408 2235 1433; x_wconf 86' lang='lat' dir='ltr'>cor-</span> 
     </span>
     <span class='ocr_line' id='line_1_11' title="bbox 131 1461 2231 1514; baseline 0.001 -12"><span class='ocrx_word' id='word_1_99' title='bbox 131 1463 279 1514; x_wconf 79' lang='lat' dir='ltr'>ruptela</span> <span class='ocrx_word' id='word_1_100' title='bbox 303 1462 532 1512; x_wconf 73' lang='lat' dir='ltr'>inquinatam</span> <span class='ocrx_word' id='word_1_101' title='bbox 560 1475 640 1501; x_wconf 88' lang='lat' dir='ltr'>esse</span> <span class='ocrx_word' id='word_1_102' title='bbox 665 1461 860 1501; x_wconf 87' lang='lat' dir='ltr'>lectionem</span> <span class='ocrx_word' id='word_1_103' title='bbox 885 1461 1086 1508; x_wconf 86' lang='lat' dir='ltr'>‘Philetas&#39;,</span> <span class='ocrx_word' id='word_1_104' title='bbox 1111 1475 1223 1510; x_wconf 87' lang='lat' dir='ltr'>quam</span> <span class='ocrx_word' id='word_1_105' title='bbox 1250 1461 1412 1500; x_wconf 88' lang='lat' dir='ltr'>noudum</span> <span class='ocrx_word' id='word_1_106' title='bbox 1436 1462 1633 1510; x_wconf 76' lang='lat' dir='ltr'>quisquam</span> <span class='ocrx_word' id='word_1_107' title='bbox 1658 1462 1830 1511; x_wconf 82' lang='lat' dir='ltr'>dispexit.</span> <span class='ocrx_word' id='word_1_108' title='bbox 1881 1463 1968 1501; x_wconf 88' lang='lat' dir='ltr'>Sine</span> <span class='ocrx_word' id='word_1_109' title='bbox 1985 1463 2099 1502; x_wconf 90' lang='lat' dir='ltr'>dubio</span> <span class='ocrx_word' id='word_1_110' title='bbox 2124 1466 2231 1504; x_wconf 82' lang='lat' dir='ltr'>resti-</span> 
     </span>
     <span class='ocr_line' id='line_1_12' title="bbox 128 1529 2234 1581; baseline 0 -10"><span class='ocrx_word' id='word_1_111' title='bbox 128 1533 307 1571; x_wconf 87' lang='lat' dir='ltr'>tuendum</span> <span class='ocrx_word' id='word_1_112' title='bbox 333 1536 406 1571; x_wconf 85' lang='lat' dir='ltr'>est:</span> <span class='ocrx_word' id='word_1_113' title='bbox 446 1533 531 1571; x_wconf 86' lang='lat' dir='ltr'>‘Coo</span> <span class='ocrx_word' id='word_1_114' title='bbox 548 1531 751 1581; x_wconf 86' lang='lat' dir='ltr'>plaudente</span> <span class='ocrx_word' id='word_1_115' title='bbox 765 1530 981 1577; x_wconf 79' lang='lat' dir='ltr'>Philetn’,</span> <span class='ocrx_word' id='word_1_116' title='bbox 1006 1542 1080 1580; x_wconf 90' lang='lat' dir='ltr'>qna</span> <span class='ocrx_word' id='word_1_117' title='bbox 1105 1529 1362 1569; x_wconf 85' lang='lat' dir='ltr'>emendatione</span> <span class='ocrx_word' id='word_1_118' title='bbox 1387 1536 1427 1568; x_wconf 86' lang='lat' dir='ltr'>et</span> <span class='ocrx_word' id='word_1_119' title='bbox 1450 1529 1623 1580; x_wconf 86' lang='lat' dir='ltr'>periodus</span> <span class='ocrx_word' id='word_1_120' title='bbox 1647 1541 1757 1569; x_wconf 89' lang='lat' dir='ltr'>cursu</span> <span class='ocrx_word' id='word_1_121' title='bbox 1782 1530 1866 1569; x_wconf 91' lang='lat' dir='ltr'>fluit</span> <span class='ocrx_word' id='word_1_122' title='bbox 1890 1532 2068 1571; x_wconf 83' lang='lat' dir='ltr'>concinno</span> <span class='ocrx_word' id='word_1_123' title='bbox 2093 1536 2131 1572; x_wconf 89' lang='lat' dir='ltr'>et</span> <span class='ocrx_word' id='word_1_124' title='bbox 2155 1546 2234 1572; x_wconf 87' lang='lat' dir='ltr'>ser·</span> 
     </span>
     <span class='ocr_line' id='line_1_13' title="bbox 129 1599 2233 1651; baseline 0.001 -12"><span class='ocrx_word' id='word_1_125' title='bbox 129 1603 247 1641; x_wconf 86' lang='lat' dir='ltr'>monis</span> <span class='ocrx_word' id='word_1_126' title='bbox 272 1602 408 1651; x_wconf 90' lang='lat' dir='ltr'>poetici</span> <span class='ocrx_word' id='word_1_127' title='bbox 434 1601 663 1640; x_wconf 88' lang='lat' dir='ltr'>consuetudo</span> <span class='ocrx_word' id='word_1_128' title='bbox 687 1606 855 1640; x_wconf 80' lang='lat' dir='ltr'>servatur</span> <span class='ocrx_word' id='word_1_129' title='bbox 879 1601 1079 1640; x_wconf 90' lang='lat' dir='ltr'>sollemnis.</span> <span class='ocrx_word' id='word_1_130' title='bbox 1156 1599 1261 1639; x_wconf 81' lang='lat' dir='ltr'>Adde</span> <span class='ocrx_word' id='word_1_131' title='bbox 1286 1599 1386 1648; x_wconf 89' lang='lat' dir='ltr'>quod</span> <span class='ocrx_word' id='word_1_132' title='bbox 1411 1611 1529 1648; x_wconf 90' lang='lat' dir='ltr'>neque</span> <span class='ocrx_word' id='word_1_133' title='bbox 1557 1599 1676 1638; x_wconf 84' lang='lat' dir='ltr'>‘Cous&#39;</span> <span class='ocrx_word' id='word_1_134' title='bbox 1703 1600 1922 1639; x_wconf 85' lang='lat' dir='ltr'>vocabulum</span> <span class='ocrx_word' id='word_1_135' title='bbox 1948 1601 2045 1640; x_wconf 89' lang='lat' dir='ltr'>nude</span> <span class='ocrx_word' id='word_1_136' title='bbox 2069 1602 2233 1650; x_wconf 84' lang='lat' dir='ltr'>positum</span> 
     </span>
     <span class='ocr_line' id='line_1_14' title="bbox 128 1669 2230 1722; baseline 0.002 -14"><span class='ocrx_word' id='word_1_137' title='bbox 128 1682 275 1708; x_wconf 89' lang='lat' dir='ltr'>sensum</span> <span class='ocrx_word' id='word_1_138' title='bbox 299 1670 453 1718; x_wconf 87' lang='lat' dir='ltr'>praebet</span> <span class='ocrx_word' id='word_1_139' title='bbox 479 1672 517 1707; x_wconf 93' lang='lat' dir='ltr'>et</span> <span class='ocrx_word' id='word_1_140' title='bbox 544 1669 620 1707; x_wconf 87' lang='lat' dir='ltr'>‘Coi</span> <span class='ocrx_word' id='word_1_141' title='bbox 662 1669 842 1707; x_wconf 81' lang='lat' dir='ltr'>Philetae’</span> <span class='ocrx_word' id='word_1_142' title='bbox 881 1670 1033 1707; x_wconf 89' lang='lat' dir='ltr'>dictioni</span> <span class='ocrx_word' id='word_1_143' title='bbox 1071 1669 1270 1719; x_wconf 82' lang='lat' dir='ltr'>respondet</span> <span class='ocrx_word' id='word_1_144' title='bbox 1294 1682 1384 1707; x_wconf 90' lang='lat' dir='ltr'>usus</span> <span class='ocrx_word' id='word_1_145' title='bbox 1406 1669 1729 1718; x_wconf 70' lang='lat' dir='ltr'>frequentissimus</span> <span class='ocrx_word' id='word_1_146' title='bbox 1767 1674 1806 1708; x_wconf 89' lang='lat' dir='ltr'>et</span> <span class='ocrx_word' id='word_1_147' title='bbox 1829 1670 1908 1709; x_wconf 85' lang='lat' dir='ltr'>fere</span> <span class='ocrx_word' id='word_1_148' title='bbox 1946 1673 2126 1722; x_wconf 84' lang='lat' dir='ltr'>proprius.</span> <span class='ocrx_word' id='word_1_149' title='bbox 2176 1673 2230 1712; x_wconf 79' lang='lat' dir='ltr'>Cf.</span> 
     </span>
     <span class='ocr_line' id='line_1_15' title="bbox 130 1739 2232 1790; baseline 0.001 -13"><span class='ocrx_word' id='word_1_150' title='bbox 130 1740 235 1788; x_wconf 84' lang='lat' dir='ltr'>Prop.</span> <span class='ocrx_word' id='word_1_151' title='bbox 261 1744 351 1784; x_wconf 76' lang='lat' dir='ltr'>⁴,1,l</span> <span class='ocrx_word' id='word_1_152' title='bbox 383 1739 455 1787; x_wconf 88' lang='lat' dir='ltr'>(ed.</span> <span class='ocrx_word' id='word_1_153' title='bbox 474 1740 628 1787; x_wconf 85' lang='lat' dir='ltr'>Teubn.)</span> <span class='ocrx_word' id='word_1_154' title='bbox 679 1739 739 1776; x_wconf 86' lang='lat' dir='ltr'>‘Et</span> <span class='ocrx_word' id='word_1_155' title='bbox 764 1740 829 1777; x_wconf 89' lang='lat' dir='ltr'>Coi</span> <span class='ocrx_word' id='word_1_156' title='bbox 854 1752 960 1778; x_wconf 84' lang='lat' dir='ltr'>sacra</span> <span class='ocrx_word' id='word_1_157' title='bbox 977 1739 1165 1777; x_wconf 62' lang='lat' dir='ltr'>Philotae!</span> <span class='ocrx_word' id='word_1_158' title='bbox 1214 1740 1322 1777; x_wconf 78' lang='lat' dir='ltr'>‘Cous</span> <span class='ocrx_word' id='word_1_159' title='bbox 1346 1739 1467 1787; x_wconf 89' lang='lat' dir='ltr'>poeta’</span> <span class='ocrx_word' id='word_1_160' title='bbox 1493 1739 1587 1776; x_wconf 80' lang='lat' dir='ltr'>ovid</span> <span class='ocrx_word' id='word_1_161' title='bbox 1611 1751 1643 1776; x_wconf 88' lang='lat' dir='ltr'>a.</span> <span class='ocrx_word' id='word_1_162' title='bbox 1663 1751 1698 1777; x_wconf 87' lang='lat' dir='ltr'>a.</span> <span class='ocrx_word' id='word_1_163' title='bbox 1725 1742 1832 1786; x_wconf 84' lang='lat'>3,329</span> <span class='ocrx_word' id='word_1_164' title='bbox 1848 1743 1888 1777; x_wconf 86' lang='lat' dir='ltr'>et</span> <span class='ocrx_word' id='word_1_165' title='bbox 1904 1741 2052 1780; x_wconf 77' lang='lat' dir='ltr'>similia,</span> <span class='ocrx_word' id='word_1_166' title='bbox 2101 1740 2232 1790; x_wconf 88' lang='lat' dir='ltr'>Sequi-</span> 
     </span>
     <span class='ocr_line' id='line_1_16' title="bbox 128 1806 2231 1857; baseline 0.001 -11"><span class='ocrx_word' id='word_1_167' title='bbox 128 1811 191 1846; x_wconf 84' lang='lat' dir='ltr'>tur</span> <span class='ocrx_word' id='word_1_168' title='bbox 218 1811 261 1846; x_wconf 86' lang='lat' dir='ltr'>ut</span> <span class='ocrx_word' id='word_1_169' title='bbox 286 1807 333 1846; x_wconf 88' lang='lat' dir='ltr'>de</span> <span class='ocrx_word' id='word_1_170' title='bbox 360 1807 524 1847; x_wconf 89' lang='lat' dir='ltr'>eiusdem</span> <span class='ocrx_word' id='word_1_171' title='bbox 553 1807 643 1846; x_wconf 88' lang='lat' dir='ltr'>libri</span> <span class='ocrx_word' id='word_1_172' title='bbox 667 1809 830 1847; x_wconf 82' lang='lat' dir='ltr'>carmine</span> <span class='ocrx_word' id='word_1_173' title='bbox 855 1808 1084 1857; x_wconf 87' lang='lat' dir='ltr'>disputemus</span> <span class='ocrx_word' id='word_1_174' title='bbox 1109 1807 1232 1854; x_wconf 88' lang='lat' dir='ltr'>tertio,</span> <span class='ocrx_word' id='word_1_175' title='bbox 1273 1819 1346 1855; x_wconf 91' lang='lat' dir='ltr'>quo</span> <span class='ocrx_word' id='word_1_176' title='bbox 1371 1806 1534 1844; x_wconf 81' lang='lat' dir='ltr'>carmine</span> <span class='ocrx_word' id='word_1_177' title='bbox 1559 1806 1659 1844; x_wconf 85' lang='lat' dir='ltr'>haud</span> <span class='ocrx_word' id='word_1_178' title='bbox 1683 1808 1760 1846; x_wconf 88' lang='lat' dir='ltr'>scio</span> <span class='ocrx_word' id='word_1_179' title='bbox 1785 1820 1834 1846; x_wconf 87' lang='lat' dir='ltr'>an</span> <span class='ocrx_word' id='word_1_180' title='bbox 1860 1809 2004 1847; x_wconf 80' lang='lat' dir='ltr'>nullum</span> <span class='ocrx_word' id='word_1_181' title='bbox 2028 1810 2078 1848; x_wconf 90' lang='lat' dir='ltr'>sit</span> <span class='ocrx_word' id='word_1_182' title='bbox 2101 1811 2231 1849; x_wconf 84' lang='lat' dir='ltr'>obscu-</span> 
     </span>
     <span class='ocr_line' id='line_1_17' title="bbox 116 1875 2228 1931; baseline 0.002 -16"><span class='ocrx_word' id='word_1_183' title='bbox 116 1877 205 1931; x_wconf 31' lang='lat' dir='ltr'>‚rins</span> <span class='ocrx_word' id='word_1_184' title='bbox 231 1889 350 1926; x_wconf 88' lang='lat' dir='ltr'>aeque</span> <span class='ocrx_word' id='word_1_185' title='bbox 374 1876 572 1916; x_wconf 86' lang='lat' dir='ltr'>lectionum</span> <span class='ocrx_word' id='word_1_186' title='bbox 601 1878 736 1916; x_wconf 86' lang='lat' dir='ltr'>misero</span> <span class='ocrx_word' id='word_1_187' title='bbox 756 1881 857 1916; x_wconf 86' lang='lat' dir='ltr'>statu</span> <span class='ocrx_word' id='word_1_188' title='bbox 871 1881 984 1927; x_wconf 86' lang='lat' dir='ltr'>atque</span> <span class='ocrx_word' id='word_1_189' title='bbox 1009 1878 1277 1915; x_wconf 82' lang='lat' dir='ltr'>sententiarum</span> <span class='ocrx_word' id='word_1_190' title='bbox 1292 1875 1521 1914; x_wconf 79' lang='lat' dir='ltr'>difficultate.</span> <span class='ocrx_word' id='word_1_191' title='bbox 1570 1875 1695 1925; x_wconf 87' lang='lat' dir='ltr'>Atque</span> <span class='ocrx_word' id='word_1_192' title='bbox 1712 1878 1845 1916; x_wconf 89' lang='lat' dir='ltr'>utiam</span> <span class='ocrx_word' id='word_1_193' title='bbox 1862 1878 1913 1916; x_wconf 83' lang='lat' dir='ltr'>ad</span> <span class='ocrx_word' id='word_1_194' title='bbox 1929 1879 2095 1929; x_wconf 81' lang='lat' dir='ltr'>singulas</span> <span class='ocrx_word' id='word_1_195' title='bbox 2118 1891 2228 1928; x_wconf 84' lang='lat' dir='ltr'>quas·</span> 
     </span>
     <span class='ocr_line' id='line_1_18' title="bbox 127 1944 2229 1994; baseline 0.002 -11"><span class='ocrx_word' id='word_1_196' title='bbox 127 1959 210 1994; x_wconf 84' lang='lat' dir='ltr'>que,</span> <span class='ocrx_word' id='word_1_197' title='bbox 238 1946 286 1982; x_wconf 86' lang='lat' dir='ltr'>de</span> <span class='ocrx_word' id='word_1_198' title='bbox 312 1946 448 1993; x_wconf 89' lang='lat' dir='ltr'>quibus</span> <span class='ocrx_word' id='word_1_199' title='bbox 478 1947 599 1983; x_wconf 86' lang='lat' dir='ltr'>adhuc</span> <span class='ocrx_word' id='word_1_200' title='bbox 625 1948 695 1983; x_wconf 91' lang='lat' dir='ltr'>sub</span> <span class='ocrx_word' id='word_1_201' title='bbox 723 1947 843 1983; x_wconf 86' lang='lat' dir='ltr'>iudice</span> <span class='ocrx_word' id='word_1_202' title='bbox 870 1947 919 1983; x_wconf 90' lang='lat' dir='ltr'>lis</span> <span class='ocrx_word' id='word_1_203' title='bbox 943 1950 1012 1991; x_wconf 86' lang='lat' dir='ltr'>est,</span> <span class='ocrx_word' id='word_1_204' title='bbox 1037 1946 1274 1994; x_wconf 87' lang='lat' dir='ltr'>quaestiones</span> <span class='ocrx_word' id='word_1_205' title='bbox 1298 1945 1380 1982; x_wconf 76' lang='lat' dir='ltr'>vela</span> <span class='ocrx_word' id='word_1_206' title='bbox 1404 1944 1469 1981; x_wconf 87' lang='lat' dir='ltr'>det</span> <span class='ocrx_word' id='word_1_207' title='bbox 1490 1944 1701 1993; x_wconf 75' lang='lat' dir='ltr'>disputatio,</span> <span class='ocrx_word' id='word_1_208' title='bbox 1727 1947 1949 1985; x_wconf 83' lang='lat' dir='ltr'>describitur</span> <span class='ocrx_word' id='word_1_209' title='bbox 1973 1948 2043 1987; x_wconf 91' lang='lat' dir='ltr'>hoc</span> <span class='ocrx_word' id='word_1_210' title='bbox 2066 1949 2229 1988; x_wconf 77' lang='lat' dir='ltr'>carmine</span> 
     </span>
     <span class='ocr_line' id='line_1_19' title="bbox 126 2013 2231 2066; baseline 0.001 -13"><span class='ocrx_word' id='word_1_211' title='bbox 126 2015 214 2055; x_wconf 76' lang='lat' dir='ltr'>villa</span> <span class='ocrx_word' id='word_1_212' title='bbox 247 2015 441 2053; x_wconf 86' lang='lat' dir='ltr'>Tiburtina</span> <span class='ocrx_word' id='word_1_213' title='bbox 466 2015 609 2054; x_wconf 81' lang='lat' dir='ltr'>Manilii</span> <span class='ocrx_word' id='word_1_214' title='bbox 637 2015 795 2065; x_wconf 85' lang='lat' dir='ltr'>Vopisci,</span> <span class='ocrx_word' id='word_1_215' title='bbox 833 2028 944 2065; x_wconf 90' lang='lat' dir='ltr'>quam</span> <span class='ocrx_word' id='word_1_216' title='bbox 971 2016 1066 2053; x_wconf 85' lang='lat' dir='ltr'>Anio</span> <span class='ocrx_word' id='word_1_217' title='bbox 1090 2014 1227 2052; x_wconf 87' lang='lat' dir='ltr'>flumen</span> <span class='ocrx_word' id='word_1_218' title='bbox 1253 2013 1498 2059; x_wconf 82' lang='lat' dir='ltr'>interfluebat,</span> <span class='ocrx_word' id='word_1_219' title='bbox 1535 2018 1578 2051; x_wconf 90' lang='lat' dir='ltr'>ut</span> <span class='ocrx_word' id='word_1_220' title='bbox 1602 2014 1734 2052; x_wconf 88' lang='lat' dir='ltr'>fierent</span> <span class='ocrx_word' id='word_1_221' title='bbox 1757 2015 1866 2054; x_wconf 89' lang='lat' dir='ltr'>duae.</span> <span class='ocrx_word' id='word_1_222' title='bbox 1918 2021 1965 2064; x_wconf 81' lang='lat' dir='ltr'>(v.</span> <span class='ocrx_word' id='word_1_223' title='bbox 1992 2023 2026 2056; x_wconf 79' lang='lat'>2.</span> <span class='ocrx_word' id='word_1_224' title='bbox 2054 2023 2102 2056; x_wconf 78' lang='lat'>24</span> <span class='ocrx_word' id='word_1_225' title='bbox 2127 2020 2231 2066; x_wconf 82' lang='lat' dir='ltr'>sqq.)</span> 
     </span>
     <span class='ocr_line' id='line_1_20' title="bbox 128 2080 2224 2134; baseline 0.002 -11"><span class='ocrx_word' id='word_1_226' title='bbox 128 2084 205 2123; x_wconf 90' lang='lat' dir='ltr'>lam</span> <span class='ocrx_word' id='word_1_227' title='bbox 231 2082 317 2122; x_wconf 90' lang='lat' dir='ltr'>inde</span> <span class='ocrx_word' id='word_1_228' title='bbox 342 2095 377 2121; x_wconf 87' lang='lat' dir='ltr'>a.</span> <span class='ocrx_word' id='word_1_229' title='bbox 402 2094 433 2121; x_wconf 76' lang='grc' dir='ltr'>ν.</span> <span class='ocrx_word' id='word_1_230' title='bbox 459 2087 506 2122; x_wconf 76' lang='grc'>42</span> <span class='ocrx_word' id='word_1_231' title='bbox 531 2095 621 2134; x_wconf 88' lang='lat' dir='ltr'>prae</span> <span class='ocrx_word' id='word_1_232' title='bbox 646 2083 780 2123; x_wconf 87' lang='lat' dir='ltr'>ceteris</span> <span class='ocrx_word' id='word_1_233' title='bbox 805 2082 898 2123; x_wconf 85' lang='lat' dir='ltr'>duas</span> <span class='ocrx_word' id='word_1_234' title='bbox 922 2081 1105 2133; x_wconf 83' lang='lat' dir='ltr'>imprimis</span> <span class='ocrx_word' id='word_1_235' title='bbox 1130 2081 1304 2122; x_wconf 84' lang='lat' dir='ltr'>laudibus</span> <span class='ocrx_word' id='word_1_236' title='bbox 1329 2080 1436 2121; x_wconf 86' lang='lat' dir='ltr'>effert</span> <span class='ocrx_word' id='word_1_237' title='bbox 1451 2082 1566 2130; x_wconf 77' lang='lat' dir='ltr'>aulas,</span> <span class='ocrx_word' id='word_1_238' title='bbox 1590 2083 1655 2132; x_wconf 91' lang='lat' dir='ltr'>qui</span> <span class='ocrx_word' id='word_1_239' title='bbox 1673 2095 1799 2123; x_wconf 88' lang='lat' dir='ltr'>versus</span> <span class='ocrx_word' id='word_1_240' title='bbox 1816 2085 2019 2125; x_wconf 85' lang='lat' dir='ltr'>secundum</span> <span class='ocrx_word' id='word_1_241' title='bbox 2040 2087 2224 2127; x_wconf 78' lang='lat' dir='ltr'>Baehren-</span> 
     </span>
     <span class='ocr_line' id='line_1_21' title="bbox 126 2153 696 2203; baseline -0.004 -10"><span class='ocrx_word' id='word_1_242' title='bbox 126 2155 173 2193; x_wconf 88' lang='lat' dir='ltr'>sii</span> <span class='ocrx_word' id='word_1_243' title='bbox 197 2154 399 2193; x_wconf 85' lang='lat' dir='ltr'>editionem</span> <span class='ocrx_word' id='word_1_244' title='bbox 427 2153 601 2203; x_wconf 75' lang='lat' dir='ltr'>leguntur</span> <span class='ocrx_word' id='word_1_245' title='bbox 625 2153 696 2192; x_wconf 85' lang='lat' dir='ltr'>sic:</span> 
     </span>
     <span class='ocr_line' id='line_1_22' title="bbox 1124 2221 1487 2260; baseline -0.003 0"><span class='ocrx_word' id='word_1_246' title='bbox 1124 2221 1342 2260; x_wconf 86' lang='lat' dir='ltr'>Venerabile</span> <span class='ocrx_word' id='word_1_247' title='bbox 1367 2221 1487 2260; x_wconf 86' lang='lat' dir='ltr'>dicam</span> 
     </span>
     <span class='ocr_line' id='line_1_23' title="bbox 653 2280 1693 2331; baseline -0.001 -8"><span class='ocrx_word' id='word_1_248' title='bbox 653 2282 837 2323; x_wconf 83' lang='lat' dir='ltr'>Lucorum</span> <span class='ocrx_word' id='word_1_249' title='bbox 863 2282 1036 2322; x_wconf 80' lang='lat' dir='ltr'>senium?</span> <span class='ocrx_word' id='word_1_250' title='bbox 1084 2282 1148 2329; x_wconf 89' lang='lat' dir='ltr'>Te,</span> <span class='ocrx_word' id='word_1_251' title='bbox 1171 2293 1268 2331; x_wconf 79' lang='lat' dir='ltr'>quse</span> <span class='ocrx_word' id='word_1_252' title='bbox 1291 2280 1386 2320; x_wconf 83' lang='lat' dir='ltr'>vada</span> <span class='ocrx_word' id='word_1_253' title='bbox 1410 2280 1572 2320; x_wconf 90' lang='lat' dir='ltr'>fluminis</span> <span class='ocrx_word' id='word_1_254' title='bbox 1596 2281 1693 2322; x_wconf 77' lang='lat' dir='ltr'>infra</span> 
     </span>
     <span class='ocr_line' id='line_1_24' title="bbox 573 2341 1698 2391; baseline -0.003 -8"><span class='ocrx_word' id='word_1_255' title='bbox 573 2347 620 2382; x_wconf 75' lang='lat'>40</span> <span class='ocrx_word' id='word_1_256' title='bbox 646 2344 785 2390; x_wconf 86' lang='lat' dir='ltr'>Cernis,</span> <span class='ocrx_word' id='word_1_257' title='bbox 821 2355 871 2382; x_wconf 89' lang='lat' dir='ltr'>an</span> <span class='ocrx_word' id='word_1_258' title='bbox 894 2342 944 2382; x_wconf 89' lang='lat' dir='ltr'>ad</span> <span class='ocrx_word' id='word_1_259' title='bbox 967 2342 1081 2381; x_wconf 82' lang='lat' dir='ltr'>silvas</span> <span class='ocrx_word' id='word_1_260' title='bbox 1105 2353 1202 2391; x_wconf 88' lang='lat' dir='ltr'>quae</span> <span class='ocrx_word' id='word_1_261' title='bbox 1214 2341 1378 2391; x_wconf 77' lang='lat' dir='ltr'>respicis,</span> <span class='ocrx_word' id='word_1_262' title='bbox 1404 2341 1501 2388; x_wconf 80' lang='lat' dir='ltr'>aula,</span> <span class='ocrx_word' id='word_1_263' title='bbox 1525 2343 1698 2388; x_wconf 87' lang='lat' dir='ltr'>tacentis,</span> 
     </span>
     <span class='ocr_line' id='line_1_25' title="bbox 654 2401 1628 2451; baseline -0.004 -9"><span class='ocrx_word' id='word_1_264' title='bbox 654 2403 734 2449; x_wconf 85' lang='lat' dir='ltr'>Qua</span> <span class='ocrx_word' id='word_1_265' title='bbox 758 2404 828 2443; x_wconf 89' lang='lat' dir='ltr'>tibi</span> <span class='ocrx_word' id='word_1_266' title='bbox 853 2407 956 2442; x_wconf 89' lang='lat' dir='ltr'>tuta</span> <span class='ocrx_word' id='word_1_267' title='bbox 980 2403 1087 2451; x_wconf 90' lang='lat' dir='ltr'>quies</span> <span class='ocrx_word' id='word_1_268' title='bbox 1111 2401 1325 2450; x_wconf 79' lang='lat' dir='ltr'>offensaque</span> <span class='ocrx_word' id='word_1_269' title='bbox 1350 2401 1499 2439; x_wconf 87' lang='lat' dir='ltr'>turbine</span> <span class='ocrx_word' id='word_1_270' title='bbox 1525 2402 1628 2439; x_wconf 89' lang='lat' dir='ltr'>nullo</span> 
     </span>
     <span class='ocr_line' id='line_1_26' title="bbox 651 2460 1804 2513; baseline 0 -10"><span class='ocrx_word' id='word_1_271' title='bbox 651 2463 734 2503; x_wconf 82' lang='lat' dir='ltr'>Nox</span> <span class='ocrx_word' id='word_1_272' title='bbox 757 2462 846 2503; x_wconf 90' lang='lat' dir='ltr'>silet</span> <span class='ocrx_word' id='word_1_273' title='bbox 870 2465 909 2502; x_wconf 90' lang='lat' dir='ltr'>et</span> <span class='ocrx_word' id='word_1_274' title='bbox 932 2462 1056 2513; x_wconf 77' lang='lat' dir='ltr'>pigros</span> <span class='ocrx_word' id='word_1_275' title='bbox 1080 2461 1283 2501; x_wconf 90' lang='lat' dir='ltr'>mittunt</span> <span class='ocrx_word' id='word_1_276' title='bbox 1306 2460 1393 2500; x_wconf 89' lang='lat' dir='ltr'>iam</span> <span class='ocrx_word' id='word_1_277' title='bbox 1418 2473 1606 2500; x_wconf 89' lang='lat' dir='ltr'>murmura</span> <span class='ocrx_word' id='word_1_278' title='bbox 1630 2464 1804 2503; x_wconf 67' lang='lat' dir='ltr'>somnos?</span> 
     </span>
    </p>
   </div>
   <div class='ocr_carea' id='block_1_4' title="bbox 124 2530 2233 2868">
    <p class='ocr_par' dir='ltr' id='par_1_4' title="bbox 124 2530 2233 2868">
     <span class='ocr_line' id='line_1_27' title="bbox 127 2530 2232 2589; baseline -0 -18"><span class='ocrx_word' id='word_1_279' title='bbox 127 2532 262 2571; x_wconf 77' lang='lat' dir='ltr'>Mirum</span> <span class='ocrx_word' id='word_1_280' title='bbox 280 2532 464 2581; x_wconf 83' lang='lat' dir='ltr'>quomodo</span> <span class='ocrx_word' id='word_1_281' title='bbox 483 2531 730 2572; x_wconf 82' lang='lat' dir='ltr'>Baehrensius</span> <span class='ocrx_word' id='word_1_282' title='bbox 754 2536 944 2583; x_wconf 81' lang='lat' dir='ltr'>grassatus</span> <span class='ocrx_word' id='word_1_283' title='bbox 968 2535 1026 2571; x_wconf 84' lang='lat' dir='ltr'>est</span> <span class='ocrx_word' id='word_1_284' title='bbox 1050 2532 1089 2570; x_wconf 91' lang='lat' dir='ltr'>in</span> <span class='ocrx_word' id='word_1_285' title='bbox 1113 2535 1220 2570; x_wconf 86' lang='lat' dir='ltr'>textu</span> <span class='ocrx_word' id='word_1_286' title='bbox 1244 2543 1487 2580; x_wconf 80' lang='lat' dir='ltr'>versuumque</span> <span class='ocrx_word' id='word_1_287' title='bbox 1508 2530 1642 2569; x_wconf 72' lang='lat' dir='ltr'>‘horum</span> <span class='ocrx_word' id='word_1_288' title='bbox 1659 2534 1845 2575; x_wconf 83' lang='lat' dir='ltr'>memoria.</span> <span class='ocrx_word' id='word_1_289' title='bbox 1896 2536 1949 2574; x_wconf 77' lang='lat' dir='ltr'>Ac</span> <span class='ocrx_word' id='word_1_290' title='bbox 1964 2536 2127 2586; x_wconf 80' lang='lat' dir='ltr'>primum</span> <span class='ocrx_word' id='word_1_291' title='bbox 2144 2539 2232 2589; x_wconf 75' lang='lat' dir='ltr'>qui-</span> 
     </span>
     <span class='ocr_line' id='line_1_28' title="bbox 125 2600 2231 2655; baseline 0.001 -14"><span class='ocrx_word' id='word_1_292' title='bbox 125 2602 210 2641; x_wconf 74' lang='lat' dir='ltr'>dom</span> <span class='ocrx_word' id='word_1_293' title='bbox 235 2601 466 2640; x_wconf 83' lang='lat' dir='ltr'>restituenda</span> <span class='ocrx_word' id='word_1_294' title='bbox 490 2603 572 2643; x_wconf 84' lang='lat' dir='ltr'>cod.</span> <span class='ocrx_word' id='word_1_295' title='bbox 600 2604 702 2643; x_wconf 88' lang='lat' dir='ltr'>Vrat.</span> <span class='ocrx_word' id='word_1_296' title='bbox 728 2604 841 2641; x_wconf 86' lang='lat' dir='ltr'>lectio</span> <span class='ocrx_word' id='word_1_297' title='bbox 866 2605 969 2641; x_wconf 87' lang='lat' dir='ltr'>‘tota’</span> <span class='ocrx_word' id='word_1_298' title='bbox 994 2602 1102 2640; x_wconf 89' lang='lat' dir='ltr'>unice</span> <span class='ocrx_word' id='word_1_299' title='bbox 1126 2614 1223 2649; x_wconf 82' lang='lat' dir='ltr'>vera,</span> <span class='ocrx_word' id='word_1_300' title='bbox 1247 2612 1344 2651; x_wconf 78' lang='lat' dir='ltr'>quae</span> <span class='ocrx_word' id='word_1_301' title='bbox 1369 2604 1407 2638; x_wconf 92' lang='lat' dir='ltr'>et</span> <span class='ocrx_word' id='word_1_302' title='bbox 1431 2600 1550 2638; x_wconf 86' lang='lat' dir='ltr'>verbis</span> <span class='ocrx_word' id='word_1_303' title='bbox 1569 2602 1810 2649; x_wconf 88' lang='lat' dir='ltr'>sequentibus</span> <span class='ocrx_word' id='word_1_304' title='bbox 1835 2603 2061 2655; x_wconf 85' lang='lat' dir='ltr'>‘offensaque</span> <span class='ocrx_word' id='word_1_305' title='bbox 2078 2608 2231 2647; x_wconf 85' lang='lat' dir='ltr'>turbine</span> 
     </span>
     <span class='ocr_line' id='line_1_29' title="bbox 125 2670 2229 2724; baseline 0.002 -13"><span class='ocrx_word' id='word_1_306' title='bbox 125 2671 240 2711; x_wconf 80' lang='lat' dir='ltr'>nullo’</span> <span class='ocrx_word' id='word_1_307' title='bbox 265 2670 431 2710; x_wconf 87' lang='lat' dir='ltr'>munitur</span> <span class='ocrx_word' id='word_1_308' title='bbox 456 2676 494 2710; x_wconf 90' lang='lat' dir='ltr'>et</span> <span class='ocrx_word' id='word_1_309' title='bbox 518 2671 758 2711; x_wconf 80' lang='lat' dir='ltr'>confirmatur</span> <span class='ocrx_word' id='word_1_310' title='bbox 782 2672 861 2712; x_wconf 84' lang='lat' dir='ltr'>silv.</span> <span class='ocrx_word' id='word_1_311' title='bbox 889 2676 1011 2721; x_wconf 80' lang='lat'>8,5,83</span> <span class='ocrx_word' id='word_1_312' title='bbox 1038 2672 1101 2711; x_wconf 89' lang='lat' dir='ltr'>ubi</span> <span class='ocrx_word' id='word_1_313' title='bbox 1127 2671 1299 2710; x_wconf 84' lang='lat' dir='ltr'>similiter</span> <span class='ocrx_word' id='word_1_314' title='bbox 1326 2671 1461 2719; x_wconf 81' lang='lat' dir='ltr'>legitur</span> <span class='ocrx_word' id='word_1_315' title='bbox 1485 2674 1534 2708; x_wconf 87' lang='lat' dir='ltr'>‘et</span> <span class='ocrx_word' id='word_1_316' title='bbox 1559 2683 1750 2720; x_wconf 88' lang='lat' dir='ltr'>nunqnam</span> <span class='ocrx_word' id='word_1_317' title='bbox 1777 2673 1930 2714; x_wconf 85' lang='lat' dir='ltr'>turbata</span> <span class='ocrx_word' id='word_1_318' title='bbox 1958 2677 2089 2724; x_wconf 86' lang='lat' dir='ltr'>quies’.</span> <span class='ocrx_word' id='word_1_319' title='bbox 2157 2678 2229 2717; x_wconf 83' lang='lat' dir='ltr'>Pro</span> 
     </span>
     <span class='ocr_line' id='line_1_30' title="bbox 124 2738 2232 2798; baseline 0.003 -17"><span class='ocrx_word' id='word_1_320' title='bbox 124 2741 291 2781; x_wconf 82' lang='lat' dir='ltr'>‘mittunt</span> <span class='ocrx_word' id='word_1_321' title='bbox 315 2738 413 2789; x_wconf 63' lang='grc' dir='ltr'>Μ’,</span> <span class='ocrx_word' id='word_1_322' title='bbox 439 2752 539 2794; x_wconf 82' lang='lat' dir='ltr'>quae</span> <span class='ocrx_word' id='word_1_323' title='bbox 564 2742 673 2784; x_wconf 87' lang='lat' dir='ltr'>lectio</span> <span class='ocrx_word' id='word_1_324' title='bbox 700 2741 915 2782; x_wconf 83' lang='lat' dir='ltr'>Baehrensii</span> <span class='ocrx_word' id='word_1_325' title='bbox 939 2741 1173 2782; x_wconf 85' lang='lat' dir='ltr'>coniecturae</span> <span class='ocrx_word' id='word_1_326' title='bbox 1198 2740 1385 2785; x_wconf 83' lang='lat' dir='ltr'>tribuitur,</span> <span class='ocrx_word' id='word_1_327' title='bbox 1426 2739 1531 2781; x_wconf 89' lang='lat' dir='ltr'>codd.</span> <span class='ocrx_word' id='word_1_328' title='bbox 1559 2738 1738 2782; x_wconf 84' lang='lat' dir='ltr'>exhibent</span> <span class='ocrx_word' id='word_1_329' title='bbox 1764 2745 1983 2786; x_wconf 44' lang='lat' dir='ltr'>‘mutantia</span> <span class='ocrx_word' id='word_1_330' title='bbox 2035 2747 2086 2786; x_wconf 80' lang='lat' dir='ltr'>At</span> <span class='ocrx_word' id='word_1_331' title='bbox 2110 2747 2232 2798; x_wconf 85' lang='lat' dir='ltr'>primo</span> 
     </span>
     <span class='ocr_line' id='line_1_31' title="bbox 125 2812 2233 2868; baseline 0.002 -15"><span class='ocrx_word' id='word_1_332' title='bbox 125 2814 250 2856; x_wconf 71' lang='lat' dir='ltr'>statim</span> <span class='ocrx_word' id='word_1_333' title='bbox 277 2812 412 2852; x_wconf 80' lang='lat' dir='ltr'>obtutu</span> <span class='ocrx_word' id='word_1_334' title='bbox 454 2812 551 2852; x_wconf 73' lang='lat' dir='ltr'>‘ism’</span> <span class='ocrx_word' id='word_1_335' title='bbox 576 2813 707 2856; x_wconf 78' lang='lat' dir='ltr'>vocula</span> <span class='ocrx_word' id='word_1_336' title='bbox 732 2812 932 2853; x_wconf 77' lang='lat' dir='ltr'>secundum</span> <span class='ocrx_word' id='word_1_337' title='bbox 961 2812 1174 2852; x_wconf 77' lang='lat' dir='ltr'>Baehrensii</span> <span class='ocrx_word' id='word_1_338' title='bbox 1199 2812 1444 2852; x_wconf 79' lang='lat' dir='ltr'>coniecturam</span> <span class='ocrx_word' id='word_1_339' title='bbox 1470 2815 1509 2850; x_wconf 81' lang='lat' dir='ltr'>et</span> <span class='ocrx_word' id='word_1_340' title='bbox 1532 2813 1701 2854; x_wconf 81' lang='lat' dir='ltr'>centonis</span> <span class='ocrx_word' id='word_1_341' title='bbox 1726 2815 1886 2868; x_wconf 82' lang='lat' dir='ltr'>speciem</span> <span class='ocrx_word' id='word_1_342' title='bbox 1912 2827 2002 2868; x_wconf 80' lang='lat' dir='ltr'>prae</span> <span class='ocrx_word' id='word_1_343' title='bbox 2027 2828 2069 2858; x_wconf 85' lang='lat' dir='ltr'>se</span> <span class='ocrx_word' id='word_1_344' title='bbox 2094 2815 2169 2859; x_wconf 80' lang='lat' dir='ltr'>fert</span> <span class='ocrx_word' id='word_1_345' title='bbox 2192 2823 2233 2859; x_wconf 83' lang='lat' dir='ltr'>et</span> 
     </span>
    </p>
   </div>
   <div class='ocr_carea' id='block_1_5' title="bbox 2174 2908 2190 2948">
    <p class='ocr_par' dir='ltr' id='par_1_5' title="bbox 2174 2908 2190 2948">
     <span class='ocr_line' id='line_1_32' title="bbox 2174 2908 2190 2948; baseline 0 0"><span class='ocrx_word' id='word_1_346' title='bbox 2174 2908 2190 2948; x_wconf 74' lang='lat'>1</span> 
     </span>
    </p>
   </div>
  </div>
 </body>
</html>
