2439 3130
1080 131 1347 174 -4-

150 245 280 286 eadem
306 245 437 295 ecloga
463 245 714 294 corruptelam
740 248 945 287 sustulisse
971 249 1061 287 mihi
1087 249 1224 294 videor,
1254 261 1350 298 quae
1369 249 1617 298 interpretum
1650 248 1772 288 adbuc
1784 249 1924 289 frustra
1939 252 2087 292 vexavit
2100 264 2268 301 acumen,

148 313 398 365 corruptelam
424 313 521 360 dico,
552 327 649 365 quae
674 315 714 354 in
738 329 770 358 v.
800 320 845 355 62
873 318 1093 368 repperitur.
1147 319 1284 357 Versus
1308 321 1396 357 sunt
1420 317 1475 356 hi:

687 385 789 425 Tunc
816 386 921 434 deus,
947 387 1073 438 Alpini
1099 388 1163 438 qui
1189 388 1294 427 iuxta
1319 387 1482 427 culmina
1507 386 1609 428 dorsi

686 446 816 495 Signat
841 447 1036 497 Apollineo
1061 450 1210 485 sanctos
1236 448 1451 497 cognomine
1477 446 1594 493 lucos,

605 510 651 543 60
679 505 841 553 Respicit
866 506 939 543 heu
964 507 1060 543 tanti
1087 506 1233 554 pridem
1258 519 1416 544 securus
1447 505 1589 543 alumni

679 563 991 614 Praegressusque
1016 575 1159 605 moras:
1187 564 1269 605 Huc
1295 576 1438 604 mecum
1464 562 1671 614 Epidauria
1697 563 1822 614 proles

680 623 773 668 Huc,
797 623 889 661 alti
914 624 1091 671 gaudens,
1119 625 1231 662 datur
1255 623 1503 673 aggredienda
1527 623 1685 662 facultas

678 682 876 731 lugentem
901 694 1070 720 recreare
1096 684 1228 722 virum.

333 771 470 810 Sensus
497 773 555 810 est
579 770 805 820 perspicuus.
856 769 1082 809 Cohortatur
1109 771 1242 822 Apollo
1269 771 1540 820 Aesculapium,
1579 773 1622 809 ιιι
1647 783 1772 811 secum
1800 771 1940 811 Rutilio
1980 771 2125 811 Gallico
2150 774 2270 814 morbi

146 842 378 883 vehementia
403 839 545 878 afflicto
570 840 776 880 subveniat.
830 840 921 878 ‘Alti
945 839 1122 886 gaudens'
1162 841 1362 880 lectionem
1401 844 1612 890 corruptam
1639 852 1719 880 esse
1745 844 1859 891 patet.
1913 842 2035 891 Atque
2074 842 2270 883 Gevartius

146 913 295 963 quidem
323 910 445 957 ‘altis',
484 908 659 948 Heinsius
700 911 765 947 ‘ait
790 908 847 947 en'
889 909 1109 946 coniecturis
1136 910 1309 947 mendum
1333 910 1459 947 sanari
1484 921 1593 958 posse
1618 910 1691 947 sibi
1718 913 1995 959 persuaserunt.
2049 911 2098 949 At
2122 914 2269 950 tantum

143 981 250 1019 abest
274 983 318 1018 ut
343 980 401 1018 his
426 979 699 1029 suspicionibus
724 978 966 1017 difficultates
992 979 1164 1017 sublatae
1190 980 1266 1017 sint
1291 982 1333 1017 ut
1358 979 1433 1017 sint
1450 982 1595 1017 auctae.
1653 978 1819 1017 Alterum
1838 978 1942 1016 euim
1971 978 2076 1017 ‘altis
2093 978 2271 1029 gaudens’

144 1062 218 1088 nou
235 1049 438 1098 respondet
455 1048 666 1096 Aesculapii
681 1048 842 1084 numinis
856 1052 1026 1094 naturae,
1051 1049 1213 1086 alterum
1226 1060 1350 1086 vocem
1377 1048 1530 1096 ‘gauden
1537 1048 1565 1085 s’
1590 1047 1717 1085 reddit
1730 1047 1944 1096 languidam
1959 1048 2269 1098 superfluamque.

144 1119 238 1158 Mihi
262 1118 414 1168 quidem
439 1117 553 1155 altius
580 1116 754 1154 mendum
781 1116 932 1153 subesse
958 1116 1114 1154 videtur.
1169 1117 1409 1154 Desideratur
1434 1117 1544 1160 enim,
1567 1116 1599 1153 si
1625 1115 1715 1165 quid
1734 1116 1869 1159 sentio,
1895 1128 2029 1154 nomen
2057 1117 2168 1163 loci,
2194 1130 2269 1167 quo

143 1188 357 1237 Aesculapii
382 1187 505 1224 cultus
528 1186 698 1230 florebat,
725 1186 764 1222 id
790 1186 890 1233 quod
916 1186 1045 1223 addito
1070 1185 1182 1223 verbo
1209 1186 1396 1233 ‘gaudens’
1424 1186 1563 1223 diserte
1589 1185 1785 1224 iudicatur.
1837 1184 1967 1234 Neque
1985 1185 2077 1234 quid
2103 1187 2154 1225 sit
2181 1186 2268 1225 sub-

143 1257 384 1301 stituendum,
411 1256 477 1293 diu
502 1255 739 1304 quaesiveris,
765 1266 849 1292 cum
875 1255 952 1302 ipse
973 1255 1180 1303 Aesculapii
1197 1254 1322 1292 cultus
1341 1255 1506 1300 Latinus,
1533 1255 1661 1292 ascitis
1684 1253 1921 1303 corruptelae
1938 1255 2116 1303 vestigiis,
2141 1267 2270 1294 emen·

143 1326 334 1365 dationem
358 1323 544 1363 ostendat.
598 1322 841 1361 Scribendum
869 1323 985 1362 enim:
1015 1323 1095 1360 Huc
1121 1335 1263 1361 mecum
1291 1323 1493 1371 Epidauria
1523 1323 1663 1372 proles,
1692 1323 1784 1368 Huc,
1816 1323 1954 1361 Antii
1980 1323 2163 1372 gaudens!

321 1415 509 1464 Scriptum
536 1413 634 1451 enim
661 1412 806 1461 legitur,
847 1424 932 1450 cum
959 1412 1127 1455 Romani,
1153 1416 1255 1460 peste
1282 1411 1421 1450 infelici
1449 1415 1591 1456 exorta,
1635 1411 1785 1461 legatos
1812 1412 2006 1451 mitterent
2030 1412 2271 1463 Epidaurum,

142 1488 208 1537 qui
223 1484 483 1534 Aesculapium
499 1483 650 1521 Romam
666 1482 874 1521 invitarent.
900 1481 1038 1519 sactum
1056 1494 1135 1519 esse
1163 1485 1204 1519 ut
1217 1482 1345 1530 anguis
1362 1482 1568 1530 Aesculapii
1594 1494 1698 1519 sacer
1725 1481 1773 1518 ab
1787 1494 1852 1519 ara
1865 1485 2075 1531 emergeret
2099 1486 2213 1532 atque
2228 1484 2267 1522 in

144 1567 275 1594 navem
303 1554 510 1592 Romanam
537 1555 715 1600 serperet.
770 1549 871 1587 Nave
899 1550 1036 1586 Antii
1059 1550 1227 1598 appulsa,
1264 1551 1394 1599 anguis
1420 1551 1560 1599 erepsit
1585 1550 1769 1598 petiitque
1811 1549 1995 1598 Apollinis
2019 1549 2155 1595 lucum,
2201 1551 2266 1590 ubi

142 1637 209 1675 per
237 1623 404 1662 triduum
429 1619 718 1660 circumvolutus
760 1618 909 1668 palmae
948 1618 1140 1667 impendit.
1193 1618 1297 1663 Quod
1324 1631 1431 1657 omen
1458 1620 1496 1657 in
1522 1631 1634 1657 causa
1658 1618 1740 1665 fuit,
1769 1631 1837 1657 cur
1864 1618 2019 1657 Romani
2045 1618 2267 1670 Aesculapio

140 1694 322 1744 templum
348 1692 593 1731 aedificarent
619 1690 762 1738 insigne
790 1688 937 1726 Antii.
1002 1688 1175 1725 Ceterum
1201 1687 1249 1725 cf.
1279 1687 1430 1725 Prelleri
1470 1688 1516 1726 Μ.
1544 1688 1586 1726 R.
1613 1700 1648 1737 p.
1678 1690 1748 1726 606
1776 1692 1815 1726 et
1842 1688 1949 1732 Ovid,
1990 1688 2079 1727 Met.
2125 1693 2263 1736 15322.

142 1764 178 1802 11
207 1768 286 1811 1‚82
313 1773 404 1812 sqq:
1352 1759 1356 1762 ⁴

676 1828 748 1866 Fas
775 1827 864 1865 mihi
890 1829 1101 1865 sanctorum
1127 1826 1233 1864 venia
1259 1825 1396 1865 dixisse
1422 1829 1618 1877 parentum

609 1915 614 1918 -
671 1889 810 1936 Tuque,
837 1899 913 1933 oro,
941 1886 1094 1930 Natura,
1117 1887 1229 1931 sinas,
1254 1887 1313 1924 cui
1339 1887 1458 1934 prima
1483 1898 1548 1934 per
1573 1886 1699 1924 orbem

677 1947 764 1986 lura
789 1947 923 1985 animis
949 1957 1122 1984 sanare
1147 1943 1288 1984 datum.

142 2023 185 2061 V.
212 2024 259 2060 84
286 2019 538 2069 corruptelam
564 2018 656 2054 ‘iura
682 2017 817 2054 animis
844 2027 924 2052 san
937 2015 1028 2052 are’
1054 2014 1085 2051 si
1111 2014 1412 2059 consideraveris,
1438 2026 1520 2051 cum
1547 2014 1811 2063 probabilitate
1830 2015 1948 2055 multo
1974 2017 2113 2056 maiore
2140 2028 2263 2056 emen·

139 2094 329 2132 dationem
357 2087 565 2128 ‘sacrare'
593 2086 825 2135 praetuleris,
852 2098 964 2133 quam
991 2084 1184 2121 elicuimus
1211 2084 1329 2121 Marte
1355 2088 1495 2128 nostro,
1520 2088 1562 2122 ut
1588 2085 1705 2131 aiunt,
1730 2086 1765 2122 ei
1804 2099 1901 2135 quae
1929 2087 2085 2127 Heinsio
2110 2091 2263 2126 auctore

138 2163 248 2212 vulgo
273 2160 452 2210 recipitur
476 2156 654 2202 ‘sancire',
682 2155 899 2204 praesertim
925 2165 1009 2191 cum
1034 2141 1302 2190 consuetudine
1329 2151 1476 2191 dicendi
1503 2152 1802 2202 frequentissima
1827 2166 1871 2193 ac
1897 2167 2014 2204 paene
2042 2155 2135 2195 trita
2158 2167 2260 2195 com·

141 2230 348 2272 mendetur.
399 2225 454 2268 Cf.
473 2227 577 2268 Ovid.
604 2226 691 2265 Met.
711 2226 835 2269 10,321
856 2223 925 2268 ‘Di,
953 2233 1092 2272 precor,
1118 2225 1157 2260 et
1175 2221 1351 2268 Pietas,
1378 2225 1668 2272 sacrataque
1689 2222 1798 2262 iura
1825 2224 2100 2273 parentumn·
2151 2223 2262 2275 verg-

141 2304 186 2342 A.
214 2304 324 2348 2,157
350 2299 564 2338 ‘Sacrata
587 2297 697 2334 iura
722 2294 941 2333 Graiorum!

320 2369 368 2410 ΙΙ.
398 2370 504 2414 1,189
532 2377 623 2414 sqq:
676 2362 772 2409 Quid
798 2362 889 2400 mihi
914 2362 1091 2411 gaudenti
1116 2361 1241 2411 proles
1266 2360 1437 2410 Cyllenia
1463 2362 1564 2411 virgo

672 2423 861 2463 Nuntiat?
885 2423 998 2461 Estne
1023 2421 1165 2471 aliquid
1191 2425 1269 2460 tam
1294 2433 1403 2461 saevo
1429 2424 1468 2460 in
1494 2426 1659 2473 tempore
1685 2422 1851 2462 laetum?

673 2485 846 2523 ‘Noverat
871 2483 1029 2533 effigiem
1054 2482 1297 2532 generosique
1323 2482 1442 2521 ardua
1469 2482 1592 2521 Blaesi

672 2545 748 2583 Ora
772 2556 876 2593 puer,
902 2544 990 2581 dum
1016 2555 1126 2591 saepe
1151 2542 1251 2580 domi
1276 2554 1396 2580 nova
1420 2545 1550 2580 serta
1574 2543 1752 2592 ligantem

679 2605 729 2644 Te
753 2603 855 2643 videt
880 2607 918 2642 et
943 2602 1082 2642 similes
1106 2604 1312 2651 tergentem
1338 2604 1486 2651 pectore
1511 2602 1676 2643 curas.’

138 2704 241 2751 Quae
266 2715 298 2743 v.
332 2707 399 2740 193
427 2701 593 2740 omnium
618 2699 729 2740 codd.
755 2709 937 2736 consensu
964 2695 1160 2733 exhibetur
1186 2693 1298 2731 lectio
1324 2692 1453 2730 ‘curas'
1493 2693 1624 2731 mirum
1652 2695 1710 2730 est
1733 2692 1832 2742 quod
1858 2692 1930 2733 buc
1954 2703 2072 2742 usque
2097 2694 2258 2734 virorum

136 2776 331 2814 doctorum
358 2773 454 2821 fugit
479 2770 740 2818 suspicionem,
781 2780 865 2805 cum
893 2766 1003 2814 plane
1029 2764 1169 2802 absona
1195 2765 1256 2801 sit.
1310 2762 1550 2812 Prosequitur
1575 2765 1683 2811 poeta
1710 2762 1779 2800 boc
1804 2761 1972 2813 epicedio
2008 2764 2057 2802 ad
2084 2763 2258 2803 Atedium

138 2846 330 2888 Meliorem
356 2843 444 2882 dato
471 2840 638 2892 equitem
664 2837 869 2878 Romanum
910 2836 1052 2887 sibique
1092 2834 1360 2875 familiaritatis
1385 2832 1530 2875 vinculo
1547 2832 1705 2878 maxime
1722 2833 1970 2882 coniunctum,
1995 2832 2125 2879 laudes
2142 2832 2260 2877 Glau-
