2439 3130
1073 122 1345 166 -3-

147 254 209 281 ras
233 242 396 281 subeunt
419 241 586 291 offasque
611 241 686 279 iam
712 240 860 279 oblatas
885 251 932 278 ex
956 251 1021 278 ore
1037 238 1194 277 reddere
1211 239 1353 280 iubent.
1406 240 1461 277 De
1477 238 1580 277 verbi
1599 237 1782 277 subeundi
1798 238 2067 287 significatione
2083 242 2130 281 cf.
2147 244 2271 288 3‚1‚90

147 311 377 360 ‘Dilectaque
391 310 485 348 Polli
524 309 648 348 Corda
672 309 807 348 subit
831 308 1053 357 blandisque
1078 308 1200 345 virum
1224 308 1484 357 complectitur
1509 307 1628 346 ulnis’.
1678 307 1792 346 Theb.
1819 311 1903 352 8,85
1929 308 2075 347 ‘subit
2114 310 2179 348 ille
2205 311 2271 349 mi·

146 379 321 418 nantem'.
372 378 487 417 Theb.
516 382 626 424 9,510
652 378 837 427 ‘precibus
850 377 1053 415 Tonantem
1081 376 1195 415 Iuno’.
1236 377 1278 413 In
1305 377 1471 414 eiusdem
1488 376 1664 414 carminis
1688 388 1721 414 v,
1741 380 1787 413 76
1814 387 1882 424 pro
1909 376 2036 414 ‘artus’
2061 380 2273 428 corruptela

146 447 249 486 haud
273 448 350 486 scio
375 460 425 486 an
464 447 702 486 scribendum
727 446 779 485 sit
803 446 940 484 ‘ortus’.
990 445 1190 483 Hominum
1224 439 1304 483 ia'ta
1328 458 1412 483 cum
1437 445 1601 483 siderum
1618 448 1702 483 ortu
1720 444 1898 493 obituque
1914 458 1938 484 a
1954 448 2076 495 poetis
2093 460 2272 486 nonnum-

146 529 259 566 quam
285 517 495 566 comparari
520 520 561 555 et
585 516 670 554 aliis
695 507 887 564 poetarum
915 514 1006 552 locis
1033 514 1300 562 comprobatur
1336 518 1376 552 et
1399 514 1491 563 ipsis
1516 513 1627 551 Statii
1654 514 1879 553 carminibus
1903 515 2114 554 confirmari
2139 521 2273 565 potest,

145 586 213 635 qui
238 586 278 624 in
303 586 385 626 silv.
411 586 437 626 1.
464 591 499 625 4.
526 585 594 624 ecl.
625 591 655 630 1,
681 597 715 622 ν.
743 588 802 628 25,
828 583 893 621 ubi
910 584 1090 632 septimus
1107 582 1273 621 decimus
1291 583 1494 621 Domitiani
1518 583 1733 621 consulatus
1748 583 1970 628 celebratur,
1996 584 2089 622 haec
2105 585 2269 633 profert:

145 654 357 693 ‘ortibus
382 657 498 704 utque
523 655 600 692 tuis
633 652 798 702 gaudent
822 655 1040 700 turmaeque
1066 651 1260 700 tribusque
1279 652 1535 700 Purpureique
1561 651 1708 699 patres'.
1735 651 2046 700 quemadmodum
2063 654 2267 692 secundum

145 723 304 761 Iacobsii
330 723 578 761 coniecturam
603 722 806 770 palmarem
831 720 1027 769 legendum
1055 723 1122 757 est.
1172 719 1225 757 Cf.
1264 719 1343 759 silv.
1369 723 1502 763 5,5‚73.
1553 719 1659 764 ‘Quin
1684 719 1778 757 alios
1811 723 1944 757 ortus
1981 720 2267 770 libertatemque

146 791 217 831 sub
240 792 332 841 ipsis
359 791 542 830 Uberibus
563 790 646 835 tibi,
673 801 796 838 parve,
820 788 873 826 de
884 787 953 827 di.’

326 860 369 898 In
396 860 422 898 l.
448 859 503 898 n1
529 859 595 897 ecl.
624 863 645 896 5
671 870 763 896 crux
787 869 884 906 quae
910 856 1047 895 dicitur
1071 857 1201 895 critica
1226 869 1258 895 v.
1290 860 1357 893 104
1396 858 1616 906 repperitur,
1653 869 1749 906 quae
1786 857 1836 895 ab
1871 857 2137 906 interpretibus
2174 859 2268 898 adeo

147 941 221 967 non
246 929 397 967 sublata
414 931 483 973 est,
508 930 552 965 ut
569 927 683 965 etiam
708 937 808 963 nunc
831 926 900 963 sub
924 924 1046 962 iudice
1078 925 1183 962 litem
1221 937 1303 962 esse
1339 928 1481 963 certum
1519 925 1698 964 videatur.
1751 925 1931 964 Obsecrat
1967 930 2077 975 poeta
2115 939 2267 966 uxorem

146 998 315 1043 invitam,
356 1000 400 1035 ut
438 997 556 1035 Roma
592 994 724 1033 relicta
761 993 955 1043 Neapolim
994 1006 1119 1032 secum
1152 1007 1192 1032 se
1229 994 1408 1038 conferat,
1451 994 1580 1033 urbem
1618 995 1789 1032 omuibus
1826 994 2136 1034 oblectationibus
2169 997 2267 1035 vitae

143 1066 375 1110 affluentem,
401 1065 441 1103 id
466 1065 568 1113 quod
593 1064 762 1102 versibus
787 1063 940 1111 exponit
965 1062 1041 1100 his:

600 1135 648 1171 96
675 1131 752 1170 Nec
777 1130 914 1169 desunt
938 1131 1062 1168 variae
1090 1130 1229 1168 circum
1254 1130 1503 1170 oblectamina
1531 1132 1650 1170 vitae:

674 1192 759 1230 Sive
783 1191 1021 1239 vaporiferas,
1046 1189 1289 1228 blandissima
1313 1190 1436 1236 litora,
1462 1192 1572 1230 Baias

685 1250 834 1289 Enthea
858 1248 1033 1287 fatidicae
1058 1260 1125 1286 seu
1149 1249 1266 1287 visere
1292 1252 1392 1288 tecta
1417 1249 1579 1300 Sibyllae

679 1309 795 1347 Dulce
821 1310 872 1346 sit
896 1307 1084 1356 Iliacoque
1109 1307 1236 1355 iugum
1262 1308 1500 1346 memorabile
1526 1321 1639 1354 remo,

675 1369 749 1407 Seu
774 1368 845 1406 tibi
871 1366 1029 1404 Bacchei
1052 1366 1178 1404 vineta
1202 1366 1391 1405 madentia
1416 1367 1537 1406 Gauri

582 1431 651 1467 100
676 1427 951 1475 Teleboumque
976 1424 1117 1470 domos,
1142 1426 1297 1475 trepidis
1321 1426 1385 1464 ubi
1411 1426 1535 1465 dulcia
1561 1429 1684 1467 nautis

680 1487 838 1525 Lumina
862 1486 1076 1534 noctivagae
1101 1485 1203 1522 tollit
1229 1485 1369 1523 Pharus
1394 1486 1542 1524 aemula
1568 1487 1692 1532 lunae,

676 1547 846 1594 Caraque
871 1557 945 1583 non
970 1543 1077 1582 molli
1102 1544 1188 1594 iuga
1213 1544 1433 1583 Surrentina
1458 1544 1592 1595 Lyaeo,

679 1606 780 1650 Quae
806 1616 911 1642 meus
935 1607 1023 1641 ante
1048 1604 1143 1641 alios
1168 1603 1357 1641 habitator
1382 1604 1522 1642 Pollius
1548 1610 1661 1654 auget

678 1665 1013 1711 Denarumque
1039 1661 1143 1700 lacus
1168 1661 1329 1700 medicos
1355 1662 1575 1712 Stabiasque
1601 1668 1759 1703 renatas.

143 1755 267 1793 Primo
292 1754 427 1792 obtutu
469 1756 626 1803 apparet
650 1764 776 1790 vocem
804 1751 1092 1798 ‘Denarumque'
1130 1754 1343 1799 corruptam
1369 1763 1460 1790 esse.
1514 1751 1566 1790 Ut
1591 1752 1712 1791 brevis
1748 1754 1830 1797 sim,
1871 1754 2107 1793 desideratur
2132 1768 2265 1795 nomen

141 1823 288 1863 insulae
314 1834 429 1873 prope
456 1821 650 1871 Neapolim
676 1821 785 1866 sitae,
823 1820 928 1857 cuius
967 1818 1071 1856 lacus
1114 1819 1248 1857 medici
1288 1819 1426 1858 famam
1464 1820 1648 1860 celebrem
1674 1822 1900 1872 collegerint.
1953 1824 2032 1870 Qua
2058 1826 2265 1875 suspicione

145 1896 282 1940 motus,
306 1892 415 1932 codd.
440 1892 606 1944 vestigiis
631 1891 819 1934 insistens,
857 1889 1076 1926 coniecerim
1115 1889 1379 1937 ‘Inarimesque
1405 1889 1508 1928 lacus
1534 1891 1716 1928 medicos'.
1769 1892 1940 1939 Inarime,
1983 1894 2182 1933 Pithecusa
2207 1896 2266 1933 in—

147 1962 245 2010 sula,
276 1962 338 2002 cui
363 1961 474 2001 hodie
501 1964 560 2000 cst
584 1959 717 1999 nomen
746 1958 876 1998 ischia.
930 1957 982 1996 ef.
1011 1957 1116 1996 Ovid.
1142 1957 1230 1996 Met.
1258 1962 1365 2005 24,89
1418 1960 1643 2010 ‘Orbataque
1681 1961 1850 2011 praeside
1888 1963 1996 2011 pinus
2032 1965 2266 2003 Inarimen

143 2031 425 2082 Prochytenque
450 2030 563 2079 legit.’
603 2030 710 2078 Verg.
729 2030 769 2067 Α.
796 2030 905 2073 9,716
933 2027 1039 2066 ‘Tum
1066 2028 1190 2066 sonitu
1218 2028 1398 2078 Prochyte
1424 2029 1505 2068 alta
1531 2030 1657 2069 tremit
1682 2031 1890 2080 durumque
1912 2032 2033 2071 cubile
2061 2034 2266 2073 Inarime

143 2100 240 2138 lovis
264 2100 431 2148 imperiis
449 2100 609 2148 imposta
622 2098 817 2147 Typhoeo'.
871 2097 925 2133 ‘D'
944 2097 1091 2134 literam
1117 2097 1298 2134 initialem
1314 2110 1381 2145 per
1397 2098 1673 2148 διττογραφίαν
1699 2113 1744 2138 ex
1770 2113 1897 2139 versus
1924 2102 2126 2150 superioris
2152 2088 2266 2144 simili

146 2170 263 2209 litera
291 2169 344 2214 ‘Q’
369 2170 408 2206 in
436 2171 581 2206 textum
609 2168 815 2217 irrepsisse,
840 2166 941 2205 haud
967 2166 1212 2215 improbabile
1240 2172 1307 2206 est.
1359 2167 1536 2206 Imhofius
1561 2170 1599 2206 in
1629 2170 1802 2208 carminis
1838 2170 1947 2208 huius
1972 2172 2133 2210 editione
2163 2170 2267 2211 Halis

147 2251 186 2277 a.
221 2241 316 2276 1863
345 2237 480 2275 emissa
505 2236 663 2274 coniecit
689 2235 982 2283 ‹Dimidiaequ02
1011 2234 1195 2273 Domitius
1222 2235 1510 2285 ‘Aenariaequen
1561 2238 1611 2275 At
1635 2243 1735 2276 certe
1761 2239 1910 2287 quidem
1937 2253 2068 2278 nomen
2096 2241 2267 2287 Inarime,

146 2306 323 2357 quamvis
352 2305 513 2345 insulam
540 2304 722 2354 significet
747 2305 914 2351 eandem,
950 2316 1032 2342 cum
1060 2304 1110 2342 sit
1135 2305 1252 2354 magis
1276 2306 1450 2355 priscum,
1477 2310 1515 2345 et
1539 2311 1731 2356 poetarum
1756 2309 2014 2348 consuetudini
2041 2309 2265 2360 elegantiae·

142 2387 216 2426 que
241 2375 362 2416 multo
387 2374 505 2425 magis
530 2373 703 2414 convenit
740 2375 781 2412 et
817 2372 947 2412 eadem
986 2372 1032 2411 de
1061 2384 1195 2424 pausa,
1233 2374 1290 2413 uti
1314 2375 1485 2425 exempla
1509 2375 1654 2422 docent,
1680 2376 1911 2428 frequentius
1943 2382 2154 2429 usurpatur.
2204 2378 2263 2420 ef.

142 2444 222 2484 silv.
250 2449 286 2490 2,
312 2449 347 2490 2,
374 2449 435 2484 76·

676 2512 791 2553 ‘Haec
816 2511 920 2551 videt
946 2512 1145 2559 Inarimen,
1169 2512 1247 2551 illic
1272 2513 1458 2564 Prochyta
1484 2527 1615 2564 aspera
1640 2515 1768 2565 paret'.

316 2583 488 2622 Carmine
514 2581 628 2634 lyrico
654 2586 689 2629 4,
693 2585 714 2621 5
740 2582 882 2621 Statius
908 2581 1038 2621 laudes
1062 2582 1191 2632 pangit
1204 2582 1373 2632 Septimii
1385 2581 1519 2630 Severi
1547 2584 1686 2624 ordinis
1700 2584 1907 2636 equestris
1897 2599 2038 2627 iuvenis
2062 2587 2124 2638 (cf
2140 2555 2259 2638 praes.

137 2652 251 2690 ‘inter
275 2653 531 2691 ornatissimos
556 2652 708 2690 secundi
734 2652 901 2700 ordinis')
925 2652 1091 2689 eiusdem
1117 2655 1155 2689 et
1180 2653 1338 2690 oratoris
1362 2657 1401 2690 et
1426 2657 1557 2703 poetae
1596 2656 1765 2705 insignis,
1808 2656 1965 2705 (Teuffel
1999 2657 2045 2695 H.
2084 2658 2125 2695 L.
2152 2656 2194 2694 R.
2222 2669 2257 2706 p.

139 2724 266 2772 808,s)
291 2735 376 2761 cum
402 2723 482 2773 ipse
507 2724 546 2761 in
574 2722 719 2761 Albano
743 2734 811 2761 suo
833 2723 987 2774 praedio
1012 2727 1234 2763 versaretur.
1287 2723 1471 2762 Describit
1495 2724 1546 2762 ibi
1573 2728 1684 2773 poeta
1710 2724 1797 2763 inde
1823 2737 1846 2764 a
1872 2737 1904 2763 v.
1932 2730 1954 2765 δ
1980 2727 2075 2765 veris
2101 2728 2174 2765 iam
2201 2727 2257 2764 in—

135 2792 272 2833 stantis
301 2792 563 2839 amoenitatem
596 2791 668 2832 sict
