2439 3130
1059 101 1359 146 ..12-

312 216 458 256 Maeret
482 214 600 265 igitur
625 218 747 266 poeta,
772 219 873 267 quod
892 220 1011 269 patris
1037 220 1143 259 obitu
1167 220 1328 260 afflictus
1357 221 1408 260 sit
1431 220 1601 269 viresque
1626 219 1727 259 haud
1751 219 1939 259 sufficiant
1962 222 2101 267 cantui,
2134 234 2262 270 quam·

134 296 247 336 quam
270 284 401 324 fidium
425 284 604 336 lyraeque
629 285 719 325 ludo
744 286 878 328 solitus
903 288 955 328 sit
979 288 1167 339 depellere
1193 288 1319 332 luctus
1344 289 1492 330 nubem.
1543 288 1617 328 fro
1641 286 1762 327 ‘curis’
1787 286 2001 338 corruptela
2024 288 2165 339 requiri
2189 288 2263 329 lec-

133 356 275 393 tionem
300 354 471 392 ‘chordis’
495 354 573 391 iam
598 356 692 393 vidit
716 357 960 397 Schraderus.
1011 360 1061 396 At
1091 361 1211 396 restat
1248 359 1460 408 corruptela
1499 357 1801 406 ’tacitisque'‚
1838 356 1977 406 quippe
2001 368 2099 405 quae
2136 359 2262 396 sensui

133 423 361 463 obversetur.
401 422 475 463 Vix
499 427 558 463 est
583 425 684 474 quod
709 427 876 475 ambigas
902 440 978 466 una
1006 427 1117 465 litera
1144 427 1180 465 ‘i‘
1206 428 1355 466 sublata
1376 428 1574 466 lectionem
1599 427 1747 465 restitui
1771 426 1980 475 genuinam.
2019 426 2264 464 Scribendum

132 492 232 530 enim
256 492 338 531 sine
364 492 478 531 dubio
505 495 756 544 ‘tactisque
783 495 896 534 situm
925 495 1113 545 depellere
1138 495 1349 543 chordis’‚
1378 508 1452 546 qua
1489 496 1703 534 coniectura
1739 497 1778 534 et
1802 492 2112 545 palaeographiae
2150 494 2265 533 ratio·

131 562 256 608 nibus,
283 563 444 601 mutatio
472 564 573 601 enim
599 564 768 610 levicula,
808 567 847 602 et
872 566 1082 603 sententiae
1121 565 1263 603 cardini
1293 578 1412 614 aeque
1438 566 1576 615 optime
1601 565 1824 603 consultum.
1877 564 2053 612 ‘Tangere
2093 562 2264 601 chordas'

130 642 243 680 saepe
268 631 371 680 apud
409 635 541 680 poetas
578 633 734 682 reperiri
773 633 1023 673 elocutionem
1069 637 1210 673 notum.
1262 634 1315 675 Cf.
1342 634 1406 673 Ov.
1434 647 1523 672 rem.
1564 646 1639 672 am.
1678 637 1749 672 886
1777 632 1947 671 ‘chordas
1974 631 2013 671 t’.
2064 631 2119 671 ef.
2146 632 2263 670 etiam

132 699 228 739 Stat.
254 699 336 739 silv.
363 704 397 746 5,
424 704 523 745 5‚31‚
549 701 612 738 ubi
638 700 684 738 de
710 701 827 739 simili
854 702 957 740 luctu
983 703 1141 752 legitur:
1193 704 1281 741 ‘Nec
1307 704 1451 742 eburno
1477 704 1612 753 pollice
1638 703 1840 740 chordas
1859 701 1969 739 Pulso
1994 701 2062 739 sed
2085 702 2265 738 incertam

131 766 261 817 digitis
287 768 501 806 errantibus
526 779 654 807 amens
679 768 847 810 Scindo
877 770 1054 822 chelyn.
1108 771 1199 812 lnde
1225 784 1248 812 a
1273 786 1306 823 y.
1333 777 1379 812 47
1406 775 1516 822 poeta
1541 770 1737 821 profitetur
1760 770 1869 810 haec:

605 858 727 907 Atque
755 858 899 897 utinam
924 858 1074 898 fortuna
1100 860 1203 907 mihi,
1229 860 1321 900 dare
1348 861 1518 899 manibus
1543 872 1638 906 aras,

605 917 677 954 Par
702 918 851 966 templis
876 931 983 967 opus,
1008 921 1224 968 aeriamque
1254 921 1410 958 educere
1436 920 1585 965 molem,

605 977 807 1027 Cyclopum
832 979 1003 1028 scopulos
1029 980 1130 1018 ultra
1153 983 1267 1030 atque
1292 981 1451 1019 audacia
1476 993 1567 1019 saxa

530 1040 579 1073 50
606 1037 855 1086 Pyramidum,
880 1042 919 1076 et
945 1051 1078 1088 magno
1104 1040 1288 1078 tumulum
1315 1043 1531 1089 praetexere
1556 1039 1657 1078 lucol

606 1096 689 1135 Illic
714 1099 754 1135 et
777 1097 893 1136 Siculi
919 1110 1152 1146 superassem
1179 1099 1277 1137 dona
1303 1099 1462 1148 sepulcri

604 1155 653 1193 Et
678 1155 835 1194 Nemees
859 1156 983 1194 lucum
1010 1160 1048 1194 et
1074 1157 1222 1207 Pelopis
1247 1158 1444 1197 sollemnia
1469 1158 1606 1197 trunci.

602 1215 687 1253 Illic
712 1215 868 1254 Oebalio
895 1228 967 1254 non
993 1216 1153 1255 finderet
1176 1229 1266 1255 aera
1291 1218 1393 1255 disco

601 1273 799 1314 Graiorum
824 1275 879 1314 vis
904 1275 1022 1315 unda
1046 1275 1176 1322 virum,
1204 1288 1279 1315 non
1304 1289 1393 1315 arva
1417 1277 1557 1326 rigaret

527 1338 573 1372 55
600 1334 723 1373 Sudor
747 1346 884 1384 equum
909 1339 976 1373 aut
1001 1336 1102 1384 putri
1128 1337 1292 1374 sonitum
1317 1336 1427 1374 daret
1451 1337 1590 1385 ungula
1615 1335 1760 1382 fossa3

601 1395 676 1433 Sed
701 1395 841 1434 Phoebi
866 1395 1025 1444 simplex
1050 1395 1198 1442 chorus,
1226 1400 1264 1434 et
1289 1396 1501 1435 frondentia
1524 1400 1651 1435 vatum

603 1454 774 1493 Praemia
800 1453 966 1500 laudato,
993 1456 1152 1504 genitor,
1178 1458 1216 1493 te
1242 1455 1314 1494 rite
1340 1456 1507 1505 ligarem.

303 1544 342 1582 Si
369 1543 580 1582 divitiarum
606 1554 793 1592 opumque
818 1543 910 1581 mihi
935 1542 1107 1582 afflueret
1123 1544 1239 1593 copia,
1265 1544 1387 1594 inquit
1404 1548 1525 1594 poeta,
1552 1545 1668 1594 patris
1692 1545 1829 1583 mortui
1854 1544 2010 1594 gloriam
2028 1544 2126 1583 ludis
2150 1545 2255 1583 cele-

130 1616 277 1653 brarem
302 1613 618 1662 splendidioribus
643 1624 755 1661 quam
784 1612 922 1650 Nemea
947 1617 1035 1650 sunt
1061 1617 1099 1650 et
1125 1614 1308 1663 Olympia,
1334 1615 1470 1663 quibus
1490 1614 1635 1663 Pelopis
1659 1614 1792 1652 funera
1816 1614 2063 1654 celebrantur.
2127 1613 2256 1663 Neque

128 1695 214 1722 vero
240 1683 280 1720 in
305 1681 477 1731 sepulcro
502 1682 620 1730 patris
646 1680 738 1719 rude
763 1683 1008 1720 certaminum
1052 1694 1169 1732 genus
1194 1683 1441 1722 adhiberetur
1475 1695 1595 1732 neque
1637 1682 1902 1733 permitterem,
1947 1686 1990 1720 ut
2015 1683 2153 1731 ungula
2178 1695 2257 1721 cer-

128 1752 245 1789 tantis
270 1751 356 1799 equi
390 1751 601 1799 sepulcrum
640 1751 757 1798 patris
795 1754 945 1789 tereret.
999 1751 1175 1789 Citharae
1215 1752 1341 1800 potius
1381 1754 1665 1801 carminumque
1703 1754 1815 1789 cantu
1851 1751 1981 1789 laudes
2013 1751 2258 1789 funderentur

129 1823 223 1858 vatis
249 1822 407 1869 paterni.
458 1820 561 1864 Quae
587 1832 670 1857 cum
697 1820 751 1857 ita
777 1821 862 1865 sint,
889 1831 1010 1867 neque
1037 1832 1169 1856 sensus
1196 1832 1242 1856 ex
1269 1823 1397 1857 textus
1424 1821 1564 1858 servati
1589 1821 1756 1867 vestigiis
1783 1820 1866 1857 elici
1892 1823 2016 1867 potest
2040 1819 2155 1865 alius,
2179 1831 2258 1856 cor-

128 1889 277 1940 ruptela
301 1888 433 1936 ‘rossan
458 1901 555 1938 quae
581 1889 792 1938 corruptela
817 1901 909 1927 crux
933 1887 1006 1925 fuit
1030 1888 1275 1936 interpretum
1305 1889 1533 1937 nimiumque
1558 1890 1704 1927 vexavit
1728 1889 1888 1934 criticos,
1930 1902 2003 1926 non
2031 1888 2142 1928 aliter
2174 1889 2258 1926 tolli

129 1971 237 2010 posse
263 1958 355 1997 mihi
380 1958 537 2003 videtur,
563 1958 636 1996 nisi
661 1958 693 1997 si
708 1958 871 2009 sepulcri
886 1958 1001 2002 notio,
1026 1969 1138 2007 quam
1153 1958 1343 1996 notionem
1364 1959 1604 1997 enunciatum
1625 1957 1819 2009 efflagitat,
1839 1958 2091 2006 investigetur.
2137 1958 2258 2007 Atque

129 2029 364 2078 corruptelae
390 2015 517 2067 ‘fossa'
538 2029 705 2077 vestigiis
718 2029 825 2067 nobis
839 2027 1098 2065 insistentibus
1116 2027 1220 2065 nulla
1246 2027 1406 2066 'busto’
1430 2033 1518 2066 voce
1545 2029 1697 2077 propius
1714 2027 1889 2066 accedere
1907 2027 2054 2065 videtur
2077 2027 2126 2064 ad
2150 2027 2258 2065 codd.

129 2098 346 2138 memoriam
372 2101 411 2136 et
436 2098 560 2136 sensui
585 2101 661 2136 tam
688 2100 862 2137 accurate
879 2099 1032 2145 tamque
1060 2095 1252 2145 eleganter
1277 2098 1512 2146 respondere,
1538 2102 1581 2136 ut
1606 2098 1685 2136 sine
1699 2096 1871 2146 scrupulo
1896 2097 1935 2134 in
1962 2110 2007 2135 ea
2032 2097 2259 2145 acquiescas.

130 2168 237 2213 Quod
262 2166 505 2205 Marklandus
529 2167 780 2216 exemplorum
807 2165 1052 2205 similitudine
1078 2165 1264 2205 adductus
1307 2166 1515 2216 suspicatus
1554 2171 1611 2206 est
1635 2167 1826 2217 ‘campo’‚
1876 2166 2069 2205 literarum
2094 2166 2259 2216 vestigiis

128 2248 282 2285 prorsus
305 2235 451 2281 alienis,
483 2247 614 2284 parum
652 2235 943 2273 commendatur.
1011 2235 1139 2283 Neque
1181 2237 1281 2272 enim
1321 2235 1412 2272 inde
1450 2236 1784 2273 verisimilitudinis
1822 2236 2026 2284 quidquam
2064 2234 2261 2279 redundat,

128 2304 229 2354 quod
250 2303 353 2342 idem
378 2303 575 2343 verborum
602 2307 710 2343 tenor
735 2304 904 2353 pluribus
931 2303 1110 2352 exemplis
1137 2304 1370 2352 perhibetur.
1422 2304 1572 2343 Etenim
1599 2305 1678 2348 hoc,
1708 2304 1754 2341 de
1773 2316 1847 2352 quo
1865 2304 1998 2352 agitur,
2027 2304 2117 2349 loco,
2143 2315 2261 2341 unus

129 2385 251 2413 sermo
277 2376 335 2412 est
351 2373 397 2412 de
422 2374 541 2423 patris
558 2373 784 2423 sepulcro,
810 2372 870 2411 cui
895 2372 1079 2410 insultare
1105 2372 1264 2422 ungulas
1291 2373 1516 2411 certantium
1543 2384 1724 2422 equorum
1750 2375 1854 2410 vates
1884 2370 1984 2410 filius
2010 2371 2114 2410 nefas
2139 2375 2259 2421 putat.

128 2445 238 2482 Certe
264 2454 413 2481 sensum
439 2442 546 2481 nobis
571 2442 826 2492 spectantibus
851 2443 971 2481 multo
997 2443 1115 2492 magis
1146 2428 1288 2481 arridet
1317 2441 1531 2481 emendatio
1558 2445 1694 2489 nostra,
1712 2444 1973 2490 praeterquam
1991 2440 2091 2490 quod
2109 2440 2257 2489 palaeo-

124 2513 301 2562 graphiae
327 2524 423 2561 quae
449 2511 587 2550 dicitur
613 2512 897 2550 verisimilitudo
912 2513 1013 2550 haud
1029 2525 1159 2561 parum
1187 2512 1412 2560 suffragatur
1437 2513 1517 2549 voci
1539 2512 1678 2549 ‘busta’
1728 2510 1918 2556 Quomodo
1934 2511 2031 2547 enim
2048 2522 2093 2547 ex
2107 2507 2259 2558 ‘campo’
2338 2513 2341 2516 ’

124 2581 287 2622 lectione
313 2580 434 2621 ‘fossa’
471 2581 682 2631 corruptela
723 2582 812 2621 oriri
851 2583 1025 2632 potuerit,
1063 2582 1250 2631 explicare
1288 2595 1364 2620 non
1408 2594 1536 2630 queas.
1592 2581 1694 2627 Quae
1720 2594 1753 2619 v.
1781 2585 1829 2618 54
1867 2579 2006 2618 residet
2047 2580 2261 2628 corruptela

122 2650 247 2691 ‘nuda'
271 2651 331 2690 vel
354 2649 489 2696 ‘unda'‚
516 2651 550 2689 ei
575 2650 786 2690 coniectura
813 2651 909 2690 ‘uda'
935 2652 1158 2702 interpretes
1185 2651 1306 2690 lucem
1334 2650 1506 2690 attulisse
1532 2651 1605 2690 sibi
1632 2653 1914 2702 persuaserunt.
1953 2651 2002 2688 At
2028 2652 2147 2689 multo
2174 2662 2258 2700 pro-

123 2722 208 2771 pius
233 2721 283 2760 ad
307 2720 415 2760 codd.
440 2721 657 2760 memoriam
681 2722 826 2760 accedit
851 2721 952 2771 quod
977 2722 1084 2760 nobis
1109 2722 1260 2760 videtur
1283 2721 1417 2759 ‘uncta'
1442 2720 1507 2770 (cf.
1539 2721 1640 2759 unda
1657 2725 1696 2759 et
1713 2721 1850 2769 uncta),
1873 2724 2133 2769 praeterquam
2159 2718 2259 2767 quod

124 2790 277 2831 verbum
302 2793 360 2830 est
385 2790 575 2842 proprium
601 2793 759 2830 caestus.
810 2791 864 2831 Of.
894 2791 983 2836 Hor.
1010 2803 1067 2842 ep.
1095 2795 1130 2838 2,
1162 2796 1191 2838 1,
1219 2795 1265 2830 88
1293 2789 1507 2831 ‘Luctamur
1543 2789 1690 2830 Achivis
1715 2789 1859 2830 doctius
1885 2788 2057 2830 unctis.’
