2439 3130
1058 91 1326 136 ...9-

612 210 633 244 5
664 206 742 244 Iam
769 209 856 245 trux
880 208 929 245 ad
955 209 1085 247 Arctos
1111 208 1325 247 Parrhasias
1350 207 1471 246 hiems

662 265 852 304 Concessit
878 266 966 305 altis
991 267 1126 305 obruta
1151 267 1305 309 solibus.

766 326 842 363 Iam
869 329 1004 375 pontus
1028 338 1073 363 ac
1097 326 1210 364 tellus
1232 326 1415 372 renident,

858 386 941 424 Jsm
966 385 1144 435 Zephyris
1170 386 1306 434 Aquilo
1331 385 1524 425 refractus.

662 472 767 511 Nunc
791 478 925 512 cuncta
951 474 1082 512 ueris
1106 474 1301 512 frondibus
1325 476 1460 512 annuis

593 536 637 569 10
664 532 828 571 Crinitur
853 533 975 580 arbos,
1000 545 1098 570 nune
1123 533 1313 571 volucrum
1339 534 1423 572 novi

761 592 921 636 Questus
945 593 1253 639 inexpertumque
1279 604 1429 630 cannen

859 651 966 695 Quod
994 650 1110 687 tacita
1135 654 1299 687 statuere
1327 651 1468 690 bruma.

310 710 445 747 Vocem
470 708 590 746 ‘ueris'
616 721 648 747 V.
677 713 710 748 9.
736 714 947 758 corruptam
974 720 1055 747 esse
1081 708 1318 747 manifestum
1344 713 1414 748 est.
1478 710 1546 748 Cui
1570 710 1724 759 quidem
1747 708 1983 758 corruptelae
2003 708 2251 746 Baehrensius

135 781 174 815 et
199 778 440 816 Marklandus
465 777 660 815 subvenire
686 779 809 815 conati
834 783 931 824 sunt,
956 779 1054 817 alter
1078 779 1182 816 ‘ueri'
1209 778 1306 816 alter
1330 779 1515 817 ‘uernans'
1542 779 1780 818 conicientes,
1843 777 1960 816 Nobis
2000 788 2129 815 omnes
2153 776 2251 814 diffi-

129 847 290 884 cultates
316 846 486 884 sublatae
512 846 684 884 videntur
709 847 895 884 levissima
924 848 1130 885 mutatione
1155 847 1331 894 admissa,
1369 859 1435 895 pro
1475 851 1571 886 ‘uer
1584 849 1635 886 is’
1673 847 1902 886 sribentibus
1939 853 1972 884 ‘r
1982 845 2106 884 uris’.
2157 844 2251 882 Cum

130 926 193 952 res
219 915 271 953 sit
295 918 438 965 aperta,
466 914 633 964 longiore
659 915 915 965 disputatione
954 916 1198 966 supersedere
1239 929 1346 965 posse
1384 916 1475 955 mihi
1513 917 1640 956 videor
1666 920 1891 966 transeoque
1928 915 1977 955 ad
2004 915 2028 955 1.
2057 914 2109 953 lV
2134 913 2202 954 ecl.
2229 917 2251 951 8

130 986 165 1013 v·
194 979 239 1012 32
267 987 360 1023 sqq²
601 1023 673 1060 Sed
700 1036 836 1071 queror
860 1025 960 1062 haud
984 1025 1125 1071 faciles,
1150 1025 1324 1062 iuvenum
1349 1026 1550 1072 carissime,
1575 1028 1729 1073 questus

607 1082 825 1132 Irascorque
851 1085 976 1131 etiam,
1001 1087 1182 1134 quantum
1207 1085 1422 1123 irascuntur
1447 1087 1626 1123 amantes.

596 1142 763 1180 Tantane
789 1155 849 1190 me
886 1145 1012 1183 decuit
1038 1144 1182 1193 vulgari
1206 1144 1345 1193 gaudia
1368 1145 1469 1182 fama

526 1205 572 1240 85
600 1200 787 1240 Noscere'?
812 1204 978 1252 Cumque
1003 1202 1073 1242 tibi
1097 1203 1239 1252 vagiret
1264 1204 1399 1242 tertius
1424 1203 1558 1250 infans,

566 1277 569 1279 >
593 1261 766 1298 Protinus
794 1262 940 1311 ingenti
965 1274 1039 1299 non
1064 1262 1167 1299 venit
1191 1262 1323 1299 nuntia
1348 1274 1457 1300 cursu

593 1319 730 1368 Litera,
756 1333 853 1368 quae
879 1320 994 1359 festos
1018 1320 1210 1359 cumulare
1234 1320 1416 1359 altaribus
1442 1321 1546 1369 ignes

592 1378 641 1416 Et
665 1378 840 1418 redimire
867 1380 996 1418 obem
1022 1382 1223 1429 postesque
1249 1390 1385 1418 ornare
1411 1380 1557 1418 iuberet

592 1437 817 1486 Albanoque
844 1439 976 1477 cadum
1001 1438 1213 1478 sordentem
1240 1451 1412 1487 promere
1436 1439 1538 1477 fumo

523 1499 571 1535 40
599 1497 648 1535 Et
675 1500 821 1535 cantu
852 1499 1048 1548 signare
1073 1498 1200 1536 diem?
1249 1498 1287 1536 Si
1313 1498 1443 1537 tardus
1467 1499 1640 1548 inersque

598 1557 706 1594 Nunc
737 1557 885 1596 demum
910 1570 996 1596 mea
1018 1561 1108 1597 vota
1131 1569 1225 1596 cano
1244 1570 1254 1593 ε
1277 1565 1319 1594 tu
1346 1558 1455 1606 culpa
1481 1561 1641 1606 tuusque

600 1616 671 1653 Hic
695 1616 823 1664 pudor.

307 1673 607 1712 Gratulationem
636 1675 795 1712 miserat
820 1675 960 1713 Statius
986 1675 1036 1713 ad
1060 1675 1202 1714 Julium
1229 1675 1493 1719 Menecratem,
1532 1675 1754 1723 municipem
1782 1686 1887 1711 suum
1914 1673 2097 1721 Polliique
2123 1672 2257 1711 Felicis

136 1753 330 1789 generum,
357 1742 403 1780 ob
431 1747 579 1781 auctam
599 1743 751 1792 prolem.
803 1744 977 1788 Queritur
994 1747 1104 1792 poeta
1128 1743 1216 1781 inde
1242 1756 1276 1782 a.
1302 1755 1336 1781 v.
1361 1745 1404 1780 31
1434 1756 1529 1792 sqq„
1554 1744 1655 1793 quod
1676 1757 1751 1783 non
1776 1744 1896 1782 literis
1913 1755 1980 1792 per
2004 1741 2252 1779 Menecratem

133 1811 271 1849 certior
293 1811 416 1850 factus
443 1813 508 1850 sed
535 1813 678 1861 vulgari
722 1813 910 1852 hominum
936 1813 1047 1860 fama,
1073 1826 1169 1862 quae
1194 1814 1459 1862 percrebuerat
1471 1813 1637 1863 Neapoli,
1663 1814 1835 1852 nuntium
1852 1815 1997 1862 gratum
2022 1810 2253 1859 compererit.

74 1896 77 1898 ·
134 1880 174 1918 V.
189 1882 237 1918 40
251 1879 421 1919 lectionis
447 1881 561 1920 ‘diem
578 1885 722 1921 cantu
741 1883 943 1933 signare’
968 1882 1124 1922 alteram
1142 1886 1265 1922 utram
1277 1895 1401 1922 vocem
1420 1887 1632 1933 corruptam
1645 1896 1726 1923 esse
1743 1885 1858 1933 patet.
1885 1884 2006 1930 Atque
2031 1880 2251 1929 interpretes

134 1949 285 1998 quidem
315 1962 441 1988 omues
468 1953 705 2001 corruptelae
731 1953 855 1992 sedem
881 1955 1146 2003 investigantes
1171 1954 1341 1993 Bentleio
1367 1957 1518 1992 auctore
1543 1949 1677 1992 ‘centu’
1700 1952 1918 1992 vocabulum
1943 1951 1981 1988 in
2007 1949 2248 1999 suspicionem

132 2024 308 2056 vocarunt
334 2020 619 2068 Bentleiumque
646 2023 764 2059 secuti
789 2026 877 2060 sunt
901 2035 968 2072 pro
995 2023 1130 2060 ‘cantu'
1157 2023 1398 2060 conicientem
1424 2025 1561 2068 ‘creta’,
1598 2035 1672 2060 non
1697 2025 1776 2060 tam
1800 2020 2006 2059 sententiae
2031 2018 2252 2056 necessitate

131 2086 274 2126 inducti
299 2098 411 2136 quam
436 2089 561 2138 specie
588 2090 749 2139 quadam
777 2092 1054 2141 probabilitatis
1082 2090 1245 2141 pellecti.
1290 2091 1450 2130 Tantum
1476 2092 1574 2130 enim
1599 2089 1717 2137 abest,
1741 2092 1785 2127 ut
1808 2087 1941 2127 ‘cantu’
1966 2086 2077 2125 lectio
2101 2096 2253 2134 corrup-

132 2160 172 2193 te.
211 2156 261 2193 sit
286 2159 329 2193 ut
354 2156 461 2195 unice
486 2158 536 2196 sit
560 2171 648 2198 vera
675 2163 788 2210 atque
816 2162 985 2210 genuina,
1022 2160 1061 2199 id
1088 2161 1187 2210 quod
1213 2160 1392 2199 versibus
1417 2160 1657 2209 sequentibus
1694 2157 1965 2207 comprobatur,
2002 2155 2067 2194 nbi
2106 2155 2253 2205 legitur:

134 2223 188 2262 *δί
220 2225 353 2263 tardus
380 2226 553 2276 inersque
580 2241 704 2267 nunc
730 2229 907 2269 demum
935 2242 1018 2269 mea
1051 2233 1138 2269 vota
1163 2242 1292 2278 cano,
1317 2233 1358 2268 tu
1396 2229 1527 2279 culpa!
1576 2227 1816 2278 Respondent
1852 2227 1965 2276 igitur
1999 2224 2092 2263 haec
2127 2224 2253 2270 verba,

134 2294 267 2343 quibus
281 2295 389 2342 quasi
403 2296 591 2343 quoddam
611 2299 848 2346 opprobrium
863 2299 1005 2337 Statius
1019 2300 1222 2337 Menecrati
1236 2299 1406 2343 obvertit,
1419 2298 1626 2337 sententiae
1639 2297 1764 2346 priori,
1778 2308 1852 2344 qua
1863 2294 2144 2343 significaverat,
2168 2304 2253 2331 sero

135 2364 270 2402 nuncio
301 2376 341 2401 se
367 2365 570 2413 prohiberi,
597 2369 793 2415 quominus
811 2375 922 2407 cantu
942 2369 1040 2405 diem
1069 2368 1288 2407 celebraret.
1332 2368 1383 2406 Ut
1408 2369 1528 2406 brevis
1552 2368 1633 2413 sim,
1658 2364 1927 2404 emendandum
1953 2366 2029 2401 est:
2054 2362 2117 2400 ·Et
2139 2365 2255 2400 cantu

133 2443 333 2471 sacrare
359 2431 481 2473 diem’.
531 2434 615 2474 Jam
641 2437 763 2476 verbis
801 2437 1082 2487 insequentibus
1114 2436 1200 2476 huic
1237 2435 1487 2477 emendationi
1537 2432 1602 2475 lux
1638 2432 1841 2474 affunditur
1875 2430 2254 2481 interpretandusque

134 2502 236 2540 locus
264 2502 316 2539 ita
345 2505 423 2540 est:
451 2503 490 2540 Si
516 2503 646 2542 tardus
673 2507 848 2556 inersque
875 2518 973 2543 nunc
1000 2505 1147 2543 demum
1174 2517 1258 2543 mea
1275 2508 1360 2544 vota
1376 2517 1480 2550 cano,
1506 2506 1537 2543 si
1563 2506 1642 2554 ipso
1668 2503 1728 2541 die
1753 2501 1871 2540 natali
1896 2504 2037 2539 cantu
2063 2511 2255 2539 sacrare

136 2571 239 2610 diem
266 2571 402 2610 festum
429 2576 677 2622 praetermisi,
716 2577 796 2614 iure
823 2589 906 2615 meo
938 2589 1018 2614 sum
1047 2575 1290 2621 excusandus,
1338 2580 1379 2613 tu
1416 2573 1752 2623 reprehendendus,
1777 2572 1841 2619 qui
1866 2571 2025 2609 amicum
2059 2570 2254 2609 certiorem

134 2652 207 2680 non
232 2639 375 2680 feceris.
414 2640 467 2680 De
487 2643 657 2683 sacrandi
675 2644 777 2684 verbi
795 2643 1062 2695 significatione
1075 2643 1120 2683 cf.
1138 2643 1232 2684 Stat.
1252 2656 1309 2694 ep.
1328 2643 1377 2682 IV
1396 2648 1486 2682 ‘cum
1505 2641 1602 2681 hunc
1619 2641 1715 2680 diem
1734 2639 1829 2680 forte
1846 2638 2259 2680 consecraremus!

135 2712 224 2751 Hor.
251 2711 288 2749 C.
318 2710 337 2748 1
362 2715 468 2758 26,11
500 2712 612 2752 ‘hunc
640 2714 775 2754 Lesbio
800 2726 947 2754 sacrare
985 2714 1150 2764 plectro)
1216 2712 1321 2754 ovid.
1360 2712 1465 2752 Pont.
1505 2717 1540 2758 4,
1567 2715 1601 2759 8,
1627 2715 1674 2749 64
1708 2710 1894 2749 ‘Carmina
1918 2712 2114 2749 sacrarunt
2150 2719 2259 2748 avum

137 2780 267 2821 tuum.’
319 2781 495 2822 Attamen
523 2784 686 2824 nondum
714 2784 885 2825 omnibus
911 2783 1204 2833 difficultatibus,
1230 2783 1366 2833 quibus
1392 2780 1603 2832 implicatus
1634 2783 1691 2820 est
1716 2779 1777 2820 hic
1804 2779 1918 2829 locus,
1956 2783 2014 2819 est
2055 2774 2258 2830 expeditus.
